%YAML 1.1
%TAG !u! tag:unity3d.com,2011:
--- !u!29 &1
SceneSettings:
  m_ObjectHideFlags: 0
  m_PVSData: 
  m_PVSObjectsArray: []
  m_PVSPortalsArray: []
  m_OcclusionBakeSettings:
    smallestOccluder: 1
    smallestHole: .25
    backfaceThreshold: 100
--- !u!104 &2
RenderSettings:
  m_ObjectHideFlags: 0
  serializedVersion: 6
  m_Fog: 0
  m_FogColor: {r: .5, g: .5, b: .5, a: 1}
  m_FogMode: 3
  m_FogDensity: .00999999978
  m_LinearFogStart: 0
  m_LinearFogEnd: 300
  m_AmbientSkyColor: {r: .200000003, g: .200000003, b: .200000003, a: 1}
  m_AmbientEquatorColor: {r: .200000003, g: .200000003, b: .200000003, a: 1}
  m_AmbientGroundColor: {r: .200000003, g: .200000003, b: .200000003, a: 1}
  m_AmbientIntensity: 1
  m_AmbientMode: 3
  m_SkyboxMaterial: {fileID: 0}
  m_HaloStrength: .5
  m_FlareStrength: 1
  m_FlareFadeSpeed: 3
  m_HaloTexture: {fileID: 0}
  m_SpotCookie: {fileID: 10001, guid: 0000000000000000e000000000000000, type: 0}
  m_DefaultReflectionMode: 0
  m_DefaultReflectionResolution: 128
  m_ReflectionBounces: 1
  m_ReflectionIntensity: 1
  m_CustomReflection: {fileID: 0}
  m_Sun: {fileID: 0}
--- !u!127 &3
LevelGameManager:
  m_ObjectHideFlags: 0
--- !u!157 &4
LightmapSettings:
  m_ObjectHideFlags: 0
  serializedVersion: 5
  m_GIWorkflowMode: 1
  m_LightmapsMode: 1
  m_GISettings:
    serializedVersion: 2
    m_BounceScale: 1
    m_IndirectOutputScale: 1
    m_AlbedoBoost: 1
    m_TemporalCoherenceThreshold: 1
    m_EnvironmentLightingMode: 0
    m_EnableBakedLightmaps: 1
    m_EnableRealtimeLightmaps: 0
  m_LightmapEditorSettings:
    serializedVersion: 3
    m_Resolution: 1
    m_BakeResolution: 50
    m_TextureWidth: 1024
    m_TextureHeight: 1024
    m_AOMaxDistance: 1
    m_Padding: 2
    m_CompAOExponent: 0
    m_LightmapParameters: {fileID: 0}
    m_TextureCompression: 0
    m_FinalGather: 0
    m_FinalGatherRayCount: 1024
  m_LightmapSnapshot: {fileID: 0}
  m_RuntimeCPUUsage: 25
--- !u!196 &5
NavMeshSettings:
  serializedVersion: 2
  m_ObjectHideFlags: 0
  m_BuildSettings:
    serializedVersion: 2
    agentRadius: .5
    agentHeight: 2
    agentSlope: 45
    agentClimb: .400000006
    ledgeDropHeight: 0
    maxJumpAcrossDistance: 0
    accuratePlacement: 0
    minRegionArea: 2
    cellSize: .166666657
    manualCellSize: 0
  m_NavMeshData: {fileID: 0}
--- !u!4 &27561073 stripped
Transform:
  m_PrefabParentObject: {fileID: 407424, guid: fc9c57ed5a69b514faf27fc9f2735a67, type: 2}
  m_PrefabInternal: {fileID: 1781986681}
--- !u!4 &54589397 stripped
Transform:
  m_PrefabParentObject: {fileID: 407424, guid: fc9c57ed5a69b514faf27fc9f2735a67, type: 2}
  m_PrefabInternal: {fileID: 526660069}
--- !u!4 &166403233 stripped
Transform:
  m_PrefabParentObject: {fileID: 407424, guid: fc9c57ed5a69b514faf27fc9f2735a67, type: 2}
  m_PrefabInternal: {fileID: 232874714}
--- !u!4 &227652754 stripped
Transform:
  m_PrefabParentObject: {fileID: 407424, guid: fc9c57ed5a69b514faf27fc9f2735a67, type: 2}
  m_PrefabInternal: {fileID: 1810143543}
--- !u!4 &228187233 stripped
Transform:
  m_PrefabParentObject: {fileID: 407424, guid: fc9c57ed5a69b514faf27fc9f2735a67, type: 2}
  m_PrefabInternal: {fileID: 859083162}
--- !u!1001 &232874714
Prefab:
  m_ObjectHideFlags: 0
  serializedVersion: 2
  m_Modification:
    m_TransformParent: {fileID: 1965188133}
    m_Modifications:
    - target: {fileID: 407424, guid: fc9c57ed5a69b514faf27fc9f2735a67, type: 2}
      propertyPath: m_LocalPosition.x
      value: 6
      objectReference: {fileID: 0}
    - target: {fileID: 407424, guid: fc9c57ed5a69b514faf27fc9f2735a67, type: 2}
      propertyPath: m_LocalPosition.y
      value: 0
      objectReference: {fileID: 0}
    - target: {fileID: 407424, guid: fc9c57ed5a69b514faf27fc9f2735a67, type: 2}
      propertyPath: m_LocalPosition.z
      value: 0
      objectReference: {fileID: 0}
    - target: {fileID: 407424, guid: fc9c57ed5a69b514faf27fc9f2735a67, type: 2}
      propertyPath: m_LocalRotation.x
      value: 0
      objectReference: {fileID: 0}
    - target: {fileID: 407424, guid: fc9c57ed5a69b514faf27fc9f2735a67, type: 2}
      propertyPath: m_LocalRotation.y
      value: 0
      objectReference: {fileID: 0}
    - target: {fileID: 407424, guid: fc9c57ed5a69b514faf27fc9f2735a67, type: 2}
      propertyPath: m_LocalRotation.z
      value: 0
      objectReference: {fileID: 0}
    - target: {fileID: 407424, guid: fc9c57ed5a69b514faf27fc9f2735a67, type: 2}
      propertyPath: m_LocalRotation.w
      value: 1
      objectReference: {fileID: 0}
    - target: {fileID: 407424, guid: fc9c57ed5a69b514faf27fc9f2735a67, type: 2}
      propertyPath: m_RootOrder
      value: 6
      objectReference: {fileID: 0}
    - target: {fileID: 134958, guid: fc9c57ed5a69b514faf27fc9f2735a67, type: 2}
      propertyPath: m_Name
      value: tile_prototype_white_2block
      objectReference: {fileID: 0}
    - target: {fileID: 134958, guid: fc9c57ed5a69b514faf27fc9f2735a67, type: 2}
      propertyPath: m_TagString
      value: Asset
      objectReference: {fileID: 0}
    - target: {fileID: 21282306, guid: fc9c57ed5a69b514faf27fc9f2735a67, type: 2}
      propertyPath: m_Materials.Array.data[0]
      value: 
      objectReference: {fileID: 2100000, guid: 272ba847f100d4251bb8260575189042, type: 2}
    - target: {fileID: 21282306, guid: fc9c57ed5a69b514faf27fc9f2735a67, type: 2}
      propertyPath: m_SortingLayerID
      value: 1859086223
      objectReference: {fileID: 0}
    m_RemovedComponents: []
  m_ParentPrefab: {fileID: 100100000, guid: fc9c57ed5a69b514faf27fc9f2735a67, type: 2}
  m_IsPrefabParent: 0
--- !u!1001 &253789593
Prefab:
  m_ObjectHideFlags: 0
  serializedVersion: 2
  m_Modification:
    m_TransformParent: {fileID: 0}
    m_Modifications:
    - target: {fileID: 456754, guid: 13e9b9fdcca19f34e812e3b2abc03f54, type: 2}
      propertyPath: m_LocalPosition.x
      value: 0
      objectReference: {fileID: 0}
    - target: {fileID: 456754, guid: 13e9b9fdcca19f34e812e3b2abc03f54, type: 2}
      propertyPath: m_LocalPosition.y
      value: 0
      objectReference: {fileID: 0}
    - target: {fileID: 456754, guid: 13e9b9fdcca19f34e812e3b2abc03f54, type: 2}
      propertyPath: m_LocalPosition.z
      value: 0
      objectReference: {fileID: 0}
    - target: {fileID: 456754, guid: 13e9b9fdcca19f34e812e3b2abc03f54, type: 2}
      propertyPath: m_LocalRotation.x
      value: 0
      objectReference: {fileID: 0}
    - target: {fileID: 456754, guid: 13e9b9fdcca19f34e812e3b2abc03f54, type: 2}
      propertyPath: m_LocalRotation.y
      value: 0
      objectReference: {fileID: 0}
    - target: {fileID: 456754, guid: 13e9b9fdcca19f34e812e3b2abc03f54, type: 2}
      propertyPath: m_LocalRotation.z
      value: 0
      objectReference: {fileID: 0}
    - target: {fileID: 456754, guid: 13e9b9fdcca19f34e812e3b2abc03f54, type: 2}
      propertyPath: m_LocalRotation.w
      value: 1
      objectReference: {fileID: 0}
    - target: {fileID: 456754, guid: 13e9b9fdcca19f34e812e3b2abc03f54, type: 2}
      propertyPath: m_RootOrder
      value: 9
      objectReference: {fileID: 0}
    m_RemovedComponents: []
  m_ParentPrefab: {fileID: 100100000, guid: 13e9b9fdcca19f34e812e3b2abc03f54, type: 2}
  m_IsPrefabParent: 0
--- !u!1001 &315300489
Prefab:
  m_ObjectHideFlags: 0
  serializedVersion: 2
  m_Modification:
    m_TransformParent: {fileID: 1965188133}
    m_Modifications:
    - target: {fileID: 409728, guid: 9ca4419bc9c635640a6055e387f8ca20, type: 2}
      propertyPath: m_LocalPosition.x
      value: 19
      objectReference: {fileID: 0}
    - target: {fileID: 409728, guid: 9ca4419bc9c635640a6055e387f8ca20, type: 2}
      propertyPath: m_LocalPosition.y
      value: 2
      objectReference: {fileID: 0}
    - target: {fileID: 409728, guid: 9ca4419bc9c635640a6055e387f8ca20, type: 2}
      propertyPath: m_LocalPosition.z
      value: 0
      objectReference: {fileID: 0}
    - target: {fileID: 409728, guid: 9ca4419bc9c635640a6055e387f8ca20, type: 2}
      propertyPath: m_LocalRotation.x
      value: 0
      objectReference: {fileID: 0}
    - target: {fileID: 409728, guid: 9ca4419bc9c635640a6055e387f8ca20, type: 2}
      propertyPath: m_LocalRotation.y
      value: 0
      objectReference: {fileID: 0}
    - target: {fileID: 409728, guid: 9ca4419bc9c635640a6055e387f8ca20, type: 2}
      propertyPath: m_LocalRotation.z
      value: 0
      objectReference: {fileID: 0}
    - target: {fileID: 409728, guid: 9ca4419bc9c635640a6055e387f8ca20, type: 2}
      propertyPath: m_LocalRotation.w
      value: 1
      objectReference: {fileID: 0}
    - target: {fileID: 409728, guid: 9ca4419bc9c635640a6055e387f8ca20, type: 2}
      propertyPath: m_RootOrder
      value: 1
      objectReference: {fileID: 0}
    - target: {fileID: 6163950, guid: 9ca4419bc9c635640a6055e387f8ca20, type: 2}
      propertyPath: m_Offset.x
      value: 0
      objectReference: {fileID: 0}
    - target: {fileID: 6163950, guid: 9ca4419bc9c635640a6055e387f8ca20, type: 2}
      propertyPath: m_Offset.y
      value: 0
      objectReference: {fileID: 0}
    - target: {fileID: 21223696, guid: 9ca4419bc9c635640a6055e387f8ca20, type: 2}
      propertyPath: m_Color.r
      value: 1
      objectReference: {fileID: 0}
    - target: {fileID: 21223696, guid: 9ca4419bc9c635640a6055e387f8ca20, type: 2}
      propertyPath: m_Color.b
      value: 1
      objectReference: {fileID: 0}
    - target: {fileID: 21223696, guid: 9ca4419bc9c635640a6055e387f8ca20, type: 2}
      propertyPath: m_Color.g
      value: 1
      objectReference: {fileID: 0}
    - target: {fileID: 11440612, guid: 9ca4419bc9c635640a6055e387f8ca20, type: 2}
      propertyPath: hideMode
      value: 1
      objectReference: {fileID: 0}
    - target: {fileID: 21223696, guid: 9ca4419bc9c635640a6055e387f8ca20, type: 2}
      propertyPath: m_Materials.Array.data[0]
      value: 
      objectReference: {fileID: 2100000, guid: 272ba847f100d4251bb8260575189042, type: 2}
    - target: {fileID: 21223696, guid: 9ca4419bc9c635640a6055e387f8ca20, type: 2}
      propertyPath: m_SortingLayerID
      value: 1859086223
      objectReference: {fileID: 0}
    m_RemovedComponents: []
  m_ParentPrefab: {fileID: 100100000, guid: 9ca4419bc9c635640a6055e387f8ca20, type: 2}
  m_IsPrefabParent: 0
--- !u!1001 &382135557
Prefab:
  m_ObjectHideFlags: 0
  serializedVersion: 2
  m_Modification:
    m_TransformParent: {fileID: 0}
    m_Modifications:
    - target: {fileID: 469352, guid: 0a9bda5a2f1b6b94b9fe657ff1715c73, type: 2}
      propertyPath: m_LocalPosition.x
      value: 0
      objectReference: {fileID: 0}
    - target: {fileID: 469352, guid: 0a9bda5a2f1b6b94b9fe657ff1715c73, type: 2}
      propertyPath: m_LocalPosition.y
      value: 0
      objectReference: {fileID: 0}
    - target: {fileID: 469352, guid: 0a9bda5a2f1b6b94b9fe657ff1715c73, type: 2}
      propertyPath: m_LocalPosition.z
      value: 0
      objectReference: {fileID: 0}
    - target: {fileID: 469352, guid: 0a9bda5a2f1b6b94b9fe657ff1715c73, type: 2}
      propertyPath: m_LocalRotation.x
      value: 0
      objectReference: {fileID: 0}
    - target: {fileID: 469352, guid: 0a9bda5a2f1b6b94b9fe657ff1715c73, type: 2}
      propertyPath: m_LocalRotation.y
      value: 0
      objectReference: {fileID: 0}
    - target: {fileID: 469352, guid: 0a9bda5a2f1b6b94b9fe657ff1715c73, type: 2}
      propertyPath: m_LocalRotation.z
      value: 0
      objectReference: {fileID: 0}
    - target: {fileID: 469352, guid: 0a9bda5a2f1b6b94b9fe657ff1715c73, type: 2}
      propertyPath: m_LocalRotation.w
      value: 1
      objectReference: {fileID: 0}
    - target: {fileID: 469352, guid: 0a9bda5a2f1b6b94b9fe657ff1715c73, type: 2}
      propertyPath: m_RootOrder
      value: 6
      objectReference: {fileID: 0}
    m_RemovedComponents: []
  m_ParentPrefab: {fileID: 100100000, guid: 0a9bda5a2f1b6b94b9fe657ff1715c73, type: 2}
  m_IsPrefabParent: 0
--- !u!4 &397066670 stripped
Transform:
  m_PrefabParentObject: {fileID: 400000, guid: 18d687b36384104468c507c8b5574a6b, type: 2}
  m_PrefabInternal: {fileID: 1911266863}
--- !u!1001 &399032502
Prefab:
  m_ObjectHideFlags: 0
  serializedVersion: 2
  m_Modification:
    m_TransformParent: {fileID: 1965188133}
    m_Modifications:
    - target: {fileID: 407424, guid: fc9c57ed5a69b514faf27fc9f2735a67, type: 2}
      propertyPath: m_LocalPosition.x
      value: 8
      objectReference: {fileID: 0}
    - target: {fileID: 407424, guid: fc9c57ed5a69b514faf27fc9f2735a67, type: 2}
      propertyPath: m_LocalPosition.y
      value: 0
      objectReference: {fileID: 0}
    - target: {fileID: 407424, guid: fc9c57ed5a69b514faf27fc9f2735a67, type: 2}
      propertyPath: m_LocalPosition.z
      value: 0
      objectReference: {fileID: 0}
    - target: {fileID: 407424, guid: fc9c57ed5a69b514faf27fc9f2735a67, type: 2}
      propertyPath: m_LocalRotation.x
      value: 0
      objectReference: {fileID: 0}
    - target: {fileID: 407424, guid: fc9c57ed5a69b514faf27fc9f2735a67, type: 2}
      propertyPath: m_LocalRotation.y
      value: 0
      objectReference: {fileID: 0}
    - target: {fileID: 407424, guid: fc9c57ed5a69b514faf27fc9f2735a67, type: 2}
      propertyPath: m_LocalRotation.z
      value: 0
      objectReference: {fileID: 0}
    - target: {fileID: 407424, guid: fc9c57ed5a69b514faf27fc9f2735a67, type: 2}
      propertyPath: m_LocalRotation.w
      value: 1
      objectReference: {fileID: 0}
    - target: {fileID: 407424, guid: fc9c57ed5a69b514faf27fc9f2735a67, type: 2}
      propertyPath: m_RootOrder
      value: 7
      objectReference: {fileID: 0}
    - target: {fileID: 134958, guid: fc9c57ed5a69b514faf27fc9f2735a67, type: 2}
      propertyPath: m_Name
      value: tile_prototype_white_2block
      objectReference: {fileID: 0}
    - target: {fileID: 134958, guid: fc9c57ed5a69b514faf27fc9f2735a67, type: 2}
      propertyPath: m_TagString
      value: Asset
      objectReference: {fileID: 0}
    - target: {fileID: 21282306, guid: fc9c57ed5a69b514faf27fc9f2735a67, type: 2}
      propertyPath: m_Materials.Array.data[0]
      value: 
      objectReference: {fileID: 2100000, guid: 272ba847f100d4251bb8260575189042, type: 2}
    - target: {fileID: 21282306, guid: fc9c57ed5a69b514faf27fc9f2735a67, type: 2}
      propertyPath: m_SortingLayerID
      value: 1859086223
      objectReference: {fileID: 0}
    m_RemovedComponents: []
  m_ParentPrefab: {fileID: 100100000, guid: fc9c57ed5a69b514faf27fc9f2735a67, type: 2}
  m_IsPrefabParent: 0
--- !u!1001 &526660069
Prefab:
  m_ObjectHideFlags: 0
  serializedVersion: 2
  m_Modification:
    m_TransformParent: {fileID: 1965188133}
    m_Modifications:
    - target: {fileID: 407424, guid: fc9c57ed5a69b514faf27fc9f2735a67, type: 2}
      propertyPath: m_LocalPosition.x
      value: 14
      objectReference: {fileID: 0}
    - target: {fileID: 407424, guid: fc9c57ed5a69b514faf27fc9f2735a67, type: 2}
      propertyPath: m_LocalPosition.y
      value: 0
      objectReference: {fileID: 0}
    - target: {fileID: 407424, guid: fc9c57ed5a69b514faf27fc9f2735a67, type: 2}
      propertyPath: m_LocalPosition.z
      value: 0
      objectReference: {fileID: 0}
    - target: {fileID: 407424, guid: fc9c57ed5a69b514faf27fc9f2735a67, type: 2}
      propertyPath: m_LocalRotation.x
      value: 0
      objectReference: {fileID: 0}
    - target: {fileID: 407424, guid: fc9c57ed5a69b514faf27fc9f2735a67, type: 2}
      propertyPath: m_LocalRotation.y
      value: 0
      objectReference: {fileID: 0}
    - target: {fileID: 407424, guid: fc9c57ed5a69b514faf27fc9f2735a67, type: 2}
      propertyPath: m_LocalRotation.z
      value: 0
      objectReference: {fileID: 0}
    - target: {fileID: 407424, guid: fc9c57ed5a69b514faf27fc9f2735a67, type: 2}
      propertyPath: m_LocalRotation.w
      value: 1
      objectReference: {fileID: 0}
    - target: {fileID: 407424, guid: fc9c57ed5a69b514faf27fc9f2735a67, type: 2}
      propertyPath: m_RootOrder
      value: 10
      objectReference: {fileID: 0}
    - target: {fileID: 134958, guid: fc9c57ed5a69b514faf27fc9f2735a67, type: 2}
      propertyPath: m_Name
      value: tile_prototype_white_2block
      objectReference: {fileID: 0}
    - target: {fileID: 134958, guid: fc9c57ed5a69b514faf27fc9f2735a67, type: 2}
      propertyPath: m_TagString
      value: Asset
      objectReference: {fileID: 0}
    - target: {fileID: 21282306, guid: fc9c57ed5a69b514faf27fc9f2735a67, type: 2}
      propertyPath: m_Materials.Array.data[0]
      value: 
      objectReference: {fileID: 2100000, guid: 272ba847f100d4251bb8260575189042, type: 2}
    - target: {fileID: 21282306, guid: fc9c57ed5a69b514faf27fc9f2735a67, type: 2}
      propertyPath: m_SortingLayerID
      value: 1859086223
      objectReference: {fileID: 0}
    m_RemovedComponents: []
  m_ParentPrefab: {fileID: 100100000, guid: fc9c57ed5a69b514faf27fc9f2735a67, type: 2}
  m_IsPrefabParent: 0
--- !u!1001 &550853487
Prefab:
  m_ObjectHideFlags: 0
  serializedVersion: 2
  m_Modification:
    m_TransformParent: {fileID: 0}
    m_Modifications:
    - target: {fileID: 410896, guid: 056a17a9b535e184a873415b121be51d, type: 2}
      propertyPath: m_LocalPosition.x
      value: 10
      objectReference: {fileID: 0}
    - target: {fileID: 410896, guid: 056a17a9b535e184a873415b121be51d, type: 2}
      propertyPath: m_LocalPosition.y
      value: 6
      objectReference: {fileID: 0}
    - target: {fileID: 410896, guid: 056a17a9b535e184a873415b121be51d, type: 2}
      propertyPath: m_LocalPosition.z
      value: -10
      objectReference: {fileID: 0}
    - target: {fileID: 410896, guid: 056a17a9b535e184a873415b121be51d, type: 2}
      propertyPath: m_LocalRotation.x
      value: 0
      objectReference: {fileID: 0}
    - target: {fileID: 410896, guid: 056a17a9b535e184a873415b121be51d, type: 2}
      propertyPath: m_LocalRotation.y
      value: 0
      objectReference: {fileID: 0}
    - target: {fileID: 410896, guid: 056a17a9b535e184a873415b121be51d, type: 2}
      propertyPath: m_LocalRotation.z
      value: 0
      objectReference: {fileID: 0}
    - target: {fileID: 410896, guid: 056a17a9b535e184a873415b121be51d, type: 2}
      propertyPath: m_LocalRotation.w
      value: 1
      objectReference: {fileID: 0}
    - target: {fileID: 410896, guid: 056a17a9b535e184a873415b121be51d, type: 2}
      propertyPath: m_RootOrder
      value: 3
      objectReference: {fileID: 0}
    m_RemovedComponents: []
  m_ParentPrefab: {fileID: 100100000, guid: 056a17a9b535e184a873415b121be51d, type: 2}
  m_IsPrefabParent: 0
--- !u!1001 &591381559
Prefab:
  m_ObjectHideFlags: 0
  serializedVersion: 2
  m_Modification:
    m_TransformParent: {fileID: 0}
    m_Modifications:
    - target: {fileID: 494342, guid: 96686ae25c1a02c43b1d78c1a3e67717, type: 2}
      propertyPath: m_LocalPosition.x
      value: 0
      objectReference: {fileID: 0}
    - target: {fileID: 494342, guid: 96686ae25c1a02c43b1d78c1a3e67717, type: 2}
      propertyPath: m_LocalPosition.y
      value: 0
      objectReference: {fileID: 0}
    - target: {fileID: 494342, guid: 96686ae25c1a02c43b1d78c1a3e67717, type: 2}
      propertyPath: m_LocalPosition.z
      value: 0
      objectReference: {fileID: 0}
    - target: {fileID: 494342, guid: 96686ae25c1a02c43b1d78c1a3e67717, type: 2}
      propertyPath: m_LocalRotation.x
      value: 0
      objectReference: {fileID: 0}
    - target: {fileID: 494342, guid: 96686ae25c1a02c43b1d78c1a3e67717, type: 2}
      propertyPath: m_LocalRotation.y
      value: 0
      objectReference: {fileID: 0}
    - target: {fileID: 494342, guid: 96686ae25c1a02c43b1d78c1a3e67717, type: 2}
      propertyPath: m_LocalRotation.z
      value: 0
      objectReference: {fileID: 0}
    - target: {fileID: 494342, guid: 96686ae25c1a02c43b1d78c1a3e67717, type: 2}
      propertyPath: m_LocalRotation.w
      value: 1
      objectReference: {fileID: 0}
    - target: {fileID: 494342, guid: 96686ae25c1a02c43b1d78c1a3e67717, type: 2}
      propertyPath: m_RootOrder
      value: 0
      objectReference: {fileID: 0}
    m_RemovedComponents: []
  m_ParentPrefab: {fileID: 100100000, guid: 96686ae25c1a02c43b1d78c1a3e67717, type: 2}
  m_IsPrefabParent: 0
--- !u!4 &648161405 stripped
Transform:
  m_PrefabParentObject: {fileID: 407424, guid: fc9c57ed5a69b514faf27fc9f2735a67, type: 2}
  m_PrefabInternal: {fileID: 399032502}
--- !u!1001 &681154731
Prefab:
  m_ObjectHideFlags: 0
  serializedVersion: 2
  m_Modification:
    m_TransformParent: {fileID: 0}
    m_Modifications:
    - target: {fileID: 400438, guid: 1f13353b11e517f458ae5c1340cdde8b, type: 2}
      propertyPath: m_LocalPosition.x
      value: 10
      objectReference: {fileID: 0}
    - target: {fileID: 400438, guid: 1f13353b11e517f458ae5c1340cdde8b, type: 2}
      propertyPath: m_LocalPosition.y
      value: -2.28500175
      objectReference: {fileID: 0}
    - target: {fileID: 400438, guid: 1f13353b11e517f458ae5c1340cdde8b, type: 2}
      propertyPath: m_LocalPosition.z
      value: 0
      objectReference: {fileID: 0}
    - target: {fileID: 400438, guid: 1f13353b11e517f458ae5c1340cdde8b, type: 2}
      propertyPath: m_LocalRotation.x
      value: 0
      objectReference: {fileID: 0}
    - target: {fileID: 400438, guid: 1f13353b11e517f458ae5c1340cdde8b, type: 2}
      propertyPath: m_LocalRotation.y
      value: 0
      objectReference: {fileID: 0}
    - target: {fileID: 400438, guid: 1f13353b11e517f458ae5c1340cdde8b, type: 2}
      propertyPath: m_LocalRotation.z
      value: 0
      objectReference: {fileID: 0}
    - target: {fileID: 400438, guid: 1f13353b11e517f458ae5c1340cdde8b, type: 2}
      propertyPath: m_LocalRotation.w
      value: 1
      objectReference: {fileID: 0}
    - target: {fileID: 400438, guid: 1f13353b11e517f458ae5c1340cdde8b, type: 2}
      propertyPath: m_RootOrder
      value: 4
      objectReference: {fileID: 0}
    m_RemovedComponents: []
  m_ParentPrefab: {fileID: 100100000, guid: 1f13353b11e517f458ae5c1340cdde8b, type: 2}
  m_IsPrefabParent: 0
--- !u!1001 &859083162
Prefab:
  m_ObjectHideFlags: 0
  serializedVersion: 2
  m_Modification:
    m_TransformParent: {fileID: 1965188133}
    m_Modifications:
    - target: {fileID: 407424, guid: fc9c57ed5a69b514faf27fc9f2735a67, type: 2}
      propertyPath: m_LocalPosition.x
      value: 4
      objectReference: {fileID: 0}
    - target: {fileID: 407424, guid: fc9c57ed5a69b514faf27fc9f2735a67, type: 2}
      propertyPath: m_LocalPosition.y
      value: 0
      objectReference: {fileID: 0}
    - target: {fileID: 407424, guid: fc9c57ed5a69b514faf27fc9f2735a67, type: 2}
      propertyPath: m_LocalPosition.z
      value: 0
      objectReference: {fileID: 0}
    - target: {fileID: 407424, guid: fc9c57ed5a69b514faf27fc9f2735a67, type: 2}
      propertyPath: m_LocalRotation.x
      value: 0
      objectReference: {fileID: 0}
    - target: {fileID: 407424, guid: fc9c57ed5a69b514faf27fc9f2735a67, type: 2}
      propertyPath: m_LocalRotation.y
      value: 0
      objectReference: {fileID: 0}
    - target: {fileID: 407424, guid: fc9c57ed5a69b514faf27fc9f2735a67, type: 2}
      propertyPath: m_LocalRotation.z
      value: 0
      objectReference: {fileID: 0}
    - target: {fileID: 407424, guid: fc9c57ed5a69b514faf27fc9f2735a67, type: 2}
      propertyPath: m_LocalRotation.w
      value: 1
      objectReference: {fileID: 0}
    - target: {fileID: 407424, guid: fc9c57ed5a69b514faf27fc9f2735a67, type: 2}
      propertyPath: m_RootOrder
      value: 5
      objectReference: {fileID: 0}
    - target: {fileID: 134958, guid: fc9c57ed5a69b514faf27fc9f2735a67, type: 2}
      propertyPath: m_Name
      value: tile_prototype_white_2block
      objectReference: {fileID: 0}
    - target: {fileID: 134958, guid: fc9c57ed5a69b514faf27fc9f2735a67, type: 2}
      propertyPath: m_TagString
      value: Asset
      objectReference: {fileID: 0}
    - target: {fileID: 21282306, guid: fc9c57ed5a69b514faf27fc9f2735a67, type: 2}
      propertyPath: m_Materials.Array.data[0]
      value: 
      objectReference: {fileID: 2100000, guid: 272ba847f100d4251bb8260575189042, type: 2}
    - target: {fileID: 21282306, guid: fc9c57ed5a69b514faf27fc9f2735a67, type: 2}
      propertyPath: m_SortingLayerID
      value: 1859086223
      objectReference: {fileID: 0}
    m_RemovedComponents: []
  m_ParentPrefab: {fileID: 100100000, guid: fc9c57ed5a69b514faf27fc9f2735a67, type: 2}
  m_IsPrefabParent: 0
--- !u!1001 &980951998
Prefab:
  m_ObjectHideFlags: 0
  serializedVersion: 2
  m_Modification:
    m_TransformParent: {fileID: 1965188133}
    m_Modifications:
    - target: {fileID: 407424, guid: fc9c57ed5a69b514faf27fc9f2735a67, type: 2}
      propertyPath: m_LocalPosition.x
      value: 2
      objectReference: {fileID: 0}
    - target: {fileID: 407424, guid: fc9c57ed5a69b514faf27fc9f2735a67, type: 2}
      propertyPath: m_LocalPosition.y
      value: 0
      objectReference: {fileID: 0}
    - target: {fileID: 407424, guid: fc9c57ed5a69b514faf27fc9f2735a67, type: 2}
      propertyPath: m_LocalPosition.z
      value: 0
      objectReference: {fileID: 0}
    - target: {fileID: 407424, guid: fc9c57ed5a69b514faf27fc9f2735a67, type: 2}
      propertyPath: m_LocalRotation.x
      value: 0
      objectReference: {fileID: 0}
    - target: {fileID: 407424, guid: fc9c57ed5a69b514faf27fc9f2735a67, type: 2}
      propertyPath: m_LocalRotation.y
      value: 0
      objectReference: {fileID: 0}
    - target: {fileID: 407424, guid: fc9c57ed5a69b514faf27fc9f2735a67, type: 2}
      propertyPath: m_LocalRotation.z
      value: 0
      objectReference: {fileID: 0}
    - target: {fileID: 407424, guid: fc9c57ed5a69b514faf27fc9f2735a67, type: 2}
      propertyPath: m_LocalRotation.w
      value: 1
      objectReference: {fileID: 0}
    - target: {fileID: 407424, guid: fc9c57ed5a69b514faf27fc9f2735a67, type: 2}
      propertyPath: m_RootOrder
      value: 4
      objectReference: {fileID: 0}
    - target: {fileID: 134958, guid: fc9c57ed5a69b514faf27fc9f2735a67, type: 2}
      propertyPath: m_Name
      value: tile_prototype_white_2block
      objectReference: {fileID: 0}
    - target: {fileID: 134958, guid: fc9c57ed5a69b514faf27fc9f2735a67, type: 2}
      propertyPath: m_TagString
      value: Asset
      objectReference: {fileID: 0}
    - target: {fileID: 21282306, guid: fc9c57ed5a69b514faf27fc9f2735a67, type: 2}
      propertyPath: m_Materials.Array.data[0]
      value: 
      objectReference: {fileID: 2100000, guid: 272ba847f100d4251bb8260575189042, type: 2}
    - target: {fileID: 21282306, guid: fc9c57ed5a69b514faf27fc9f2735a67, type: 2}
      propertyPath: m_SortingLayerID
      value: 1859086223
      objectReference: {fileID: 0}
    m_RemovedComponents: []
  m_ParentPrefab: {fileID: 100100000, guid: fc9c57ed5a69b514faf27fc9f2735a67, type: 2}
  m_IsPrefabParent: 0
--- !u!4 &986155646 stripped
Transform:
  m_PrefabParentObject: {fileID: 407424, guid: fc9c57ed5a69b514faf27fc9f2735a67, type: 2}
  m_PrefabInternal: {fileID: 1194042118}
--- !u!1 &1089122281
GameObject:
  m_ObjectHideFlags: 0
  m_PrefabParentObject: {fileID: 0}
  m_PrefabInternal: {fileID: 0}
  serializedVersion: 4
  m_Component:
  - 4: {fileID: 1089122283}
  - 114: {fileID: 1089122282}
  m_Layer: 0
  m_Name: LevelMaker
  m_TagString: Untagged
  m_Icon: {fileID: 0}
  m_NavMeshLayer: 0
  m_StaticEditorFlags: 0
  m_IsActive: 1
--- !u!114 &1089122282
MonoBehaviour:
  m_ObjectHideFlags: 0
  m_PrefabParentObject: {fileID: 0}
  m_PrefabInternal: {fileID: 0}
  m_GameObject: {fileID: 1089122281}
  m_Enabled: 1
  m_EditorHideFlags: 0
  m_Script: {fileID: 11500000, guid: 3078e524e16c2fe42935017af8100dfc, type: 3}
  m_Name: 
  m_EditorClassIdentifier: 
--- !u!4 &1089122283
Transform:
  m_ObjectHideFlags: 0
  m_PrefabParentObject: {fileID: 0}
  m_PrefabInternal: {fileID: 0}
  m_GameObject: {fileID: 1089122281}
  m_LocalRotation: {x: 0, y: 0, z: 0, w: 1}
  m_LocalPosition: {x: 0, y: 0, z: 0}
  m_LocalScale: {x: 1, y: 1, z: 1}
  m_Children: []
  m_Father: {fileID: 0}
  m_RootOrder: 8
--- !u!1 &1149164895
GameObject:
  m_ObjectHideFlags: 0
  m_PrefabParentObject: {fileID: 0}
  m_PrefabInternal: {fileID: 0}
  serializedVersion: 4
  m_Component:
  - 4: {fileID: 1149164899}
  - 114: {fileID: 1149164898}
  - 114: {fileID: 1149164897}
  - 114: {fileID: 1149164896}
  m_Layer: 0
  m_Name: EventSystem
  m_TagString: Untagged
  m_Icon: {fileID: 0}
  m_NavMeshLayer: 0
  m_StaticEditorFlags: 0
  m_IsActive: 1
--- !u!114 &1149164896
MonoBehaviour:
  m_ObjectHideFlags: 0
  m_PrefabParentObject: {fileID: 0}
  m_PrefabInternal: {fileID: 0}
  m_GameObject: {fileID: 1149164895}
  m_Enabled: 1
  m_EditorHideFlags: 0
  m_Script: {fileID: 1997211142, guid: f5f67c52d1564df4a8936ccd202a3bd8, type: 3}
  m_Name: 
  m_EditorClassIdentifier: 
  m_AllowActivationOnStandalone: 0
--- !u!114 &1149164897
MonoBehaviour:
  m_ObjectHideFlags: 0
  m_PrefabParentObject: {fileID: 0}
  m_PrefabInternal: {fileID: 0}
  m_GameObject: {fileID: 1149164895}
  m_Enabled: 1
  m_EditorHideFlags: 0
  m_Script: {fileID: 1077351063, guid: f5f67c52d1564df4a8936ccd202a3bd8, type: 3}
  m_Name: 
  m_EditorClassIdentifier: 
  m_HorizontalAxis: Horizontal
  m_VerticalAxis: Vertical
  m_SubmitButton: Submit
  m_CancelButton: Cancel
  m_InputActionsPerSecond: 10
  m_RepeatDelay: .5
  m_AllowActivationOnMobileDevice: 0
--- !u!114 &1149164898
MonoBehaviour:
  m_ObjectHideFlags: 0
  m_PrefabParentObject: {fileID: 0}
  m_PrefabInternal: {fileID: 0}
  m_GameObject: {fileID: 1149164895}
  m_Enabled: 1
  m_EditorHideFlags: 0
  m_Script: {fileID: -619905303, guid: f5f67c52d1564df4a8936ccd202a3bd8, type: 3}
  m_Name: 
  m_EditorClassIdentifier: 
  m_FirstSelected: {fileID: 0}
  m_sendNavigationEvents: 1
  m_DragThreshold: 5
--- !u!4 &1149164899
Transform:
  m_ObjectHideFlags: 0
  m_PrefabParentObject: {fileID: 0}
  m_PrefabInternal: {fileID: 0}
  m_GameObject: {fileID: 1149164895}
  m_LocalRotation: {x: 0, y: 0, z: 0, w: 1}
  m_LocalPosition: {x: 0, y: 0, z: 0}
  m_LocalScale: {x: 1, y: 1, z: 1}
  m_Children: []
  m_Father: {fileID: 0}
  m_RootOrder: 9
--- !u!1001 &1194042118
Prefab:
  m_ObjectHideFlags: 0
  serializedVersion: 2
  m_Modification:
    m_TransformParent: {fileID: 1965188133}
    m_Modifications:
    - target: {fileID: 407424, guid: fc9c57ed5a69b514faf27fc9f2735a67, type: 2}
      propertyPath: m_LocalPosition.x
      value: 16
      objectReference: {fileID: 0}
    - target: {fileID: 407424, guid: fc9c57ed5a69b514faf27fc9f2735a67, type: 2}
      propertyPath: m_LocalPosition.y
      value: 0
      objectReference: {fileID: 0}
    - target: {fileID: 407424, guid: fc9c57ed5a69b514faf27fc9f2735a67, type: 2}
      propertyPath: m_LocalPosition.z
      value: 0
      objectReference: {fileID: 0}
    - target: {fileID: 407424, guid: fc9c57ed5a69b514faf27fc9f2735a67, type: 2}
      propertyPath: m_LocalRotation.x
      value: 0
      objectReference: {fileID: 0}
    - target: {fileID: 407424, guid: fc9c57ed5a69b514faf27fc9f2735a67, type: 2}
      propertyPath: m_LocalRotation.y
      value: 0
      objectReference: {fileID: 0}
    - target: {fileID: 407424, guid: fc9c57ed5a69b514faf27fc9f2735a67, type: 2}
      propertyPath: m_LocalRotation.z
      value: 0
      objectReference: {fileID: 0}
    - target: {fileID: 407424, guid: fc9c57ed5a69b514faf27fc9f2735a67, type: 2}
      propertyPath: m_LocalRotation.w
      value: 1
      objectReference: {fileID: 0}
    - target: {fileID: 407424, guid: fc9c57ed5a69b514faf27fc9f2735a67, type: 2}
      propertyPath: m_RootOrder
      value: 11
      objectReference: {fileID: 0}
    - target: {fileID: 134958, guid: fc9c57ed5a69b514faf27fc9f2735a67, type: 2}
      propertyPath: m_Name
      value: tile_prototype_white_2block
      objectReference: {fileID: 0}
    - target: {fileID: 134958, guid: fc9c57ed5a69b514faf27fc9f2735a67, type: 2}
      propertyPath: m_TagString
      value: Asset
      objectReference: {fileID: 0}
    - target: {fileID: 21282306, guid: fc9c57ed5a69b514faf27fc9f2735a67, type: 2}
      propertyPath: m_Materials.Array.data[0]
      value: 
      objectReference: {fileID: 2100000, guid: 272ba847f100d4251bb8260575189042, type: 2}
    - target: {fileID: 21282306, guid: fc9c57ed5a69b514faf27fc9f2735a67, type: 2}
      propertyPath: m_SortingLayerID
      value: 1859086223
      objectReference: {fileID: 0}
    m_RemovedComponents: []
  m_ParentPrefab: {fileID: 100100000, guid: fc9c57ed5a69b514faf27fc9f2735a67, type: 2}
  m_IsPrefabParent: 0
--- !u!1001 &1242065331
Prefab:
  m_ObjectHideFlags: 0
  serializedVersion: 2
  m_Modification:
    m_TransformParent: {fileID: 1965188133}
    m_Modifications:
    - target: {fileID: 407424, guid: fc9c57ed5a69b514faf27fc9f2735a67, type: 2}
      propertyPath: m_LocalPosition.x
      value: 10
      objectReference: {fileID: 0}
    - target: {fileID: 407424, guid: fc9c57ed5a69b514faf27fc9f2735a67, type: 2}
      propertyPath: m_LocalPosition.y
      value: 0
      objectReference: {fileID: 0}
    - target: {fileID: 407424, guid: fc9c57ed5a69b514faf27fc9f2735a67, type: 2}
      propertyPath: m_LocalPosition.z
      value: 0
      objectReference: {fileID: 0}
    - target: {fileID: 407424, guid: fc9c57ed5a69b514faf27fc9f2735a67, type: 2}
      propertyPath: m_LocalRotation.x
      value: 0
      objectReference: {fileID: 0}
    - target: {fileID: 407424, guid: fc9c57ed5a69b514faf27fc9f2735a67, type: 2}
      propertyPath: m_LocalRotation.y
      value: 0
      objectReference: {fileID: 0}
    - target: {fileID: 407424, guid: fc9c57ed5a69b514faf27fc9f2735a67, type: 2}
      propertyPath: m_LocalRotation.z
      value: 0
      objectReference: {fileID: 0}
    - target: {fileID: 407424, guid: fc9c57ed5a69b514faf27fc9f2735a67, type: 2}
      propertyPath: m_LocalRotation.w
      value: 1
      objectReference: {fileID: 0}
    - target: {fileID: 407424, guid: fc9c57ed5a69b514faf27fc9f2735a67, type: 2}
      propertyPath: m_RootOrder
      value: 8
      objectReference: {fileID: 0}
    - target: {fileID: 134958, guid: fc9c57ed5a69b514faf27fc9f2735a67, type: 2}
      propertyPath: m_Name
      value: tile_prototype_white_2block
      objectReference: {fileID: 0}
    - target: {fileID: 134958, guid: fc9c57ed5a69b514faf27fc9f2735a67, type: 2}
      propertyPath: m_TagString
      value: Asset
      objectReference: {fileID: 0}
    - target: {fileID: 21282306, guid: fc9c57ed5a69b514faf27fc9f2735a67, type: 2}
      propertyPath: m_Materials.Array.data[0]
      value: 
      objectReference: {fileID: 2100000, guid: 272ba847f100d4251bb8260575189042, type: 2}
    - target: {fileID: 21282306, guid: fc9c57ed5a69b514faf27fc9f2735a67, type: 2}
      propertyPath: m_SortingLayerID
      value: 1859086223
      objectReference: {fileID: 0}
    m_RemovedComponents: []
  m_ParentPrefab: {fileID: 100100000, guid: fc9c57ed5a69b514faf27fc9f2735a67, type: 2}
  m_IsPrefabParent: 0
--- !u!4 &1321631827 stripped
Transform:
  m_PrefabParentObject: {fileID: 407424, guid: fc9c57ed5a69b514faf27fc9f2735a67, type: 2}
  m_PrefabInternal: {fileID: 980951998}
--- !u!1001 &1351897837
Prefab:
  m_ObjectHideFlags: 0
  serializedVersion: 2
  m_Modification:
    m_TransformParent: {fileID: 0}
    m_Modifications:
    - target: {fileID: 485930, guid: ecf88f26cb3dfc14691424ed648aaeeb, type: 2}
      propertyPath: m_LocalPosition.x
      value: 0
      objectReference: {fileID: 0}
    - target: {fileID: 485930, guid: ecf88f26cb3dfc14691424ed648aaeeb, type: 2}
      propertyPath: m_LocalPosition.y
      value: 0
      objectReference: {fileID: 0}
    - target: {fileID: 485930, guid: ecf88f26cb3dfc14691424ed648aaeeb, type: 2}
      propertyPath: m_LocalPosition.z
      value: 0
      objectReference: {fileID: 0}
    - target: {fileID: 485930, guid: ecf88f26cb3dfc14691424ed648aaeeb, type: 2}
      propertyPath: m_LocalRotation.x
      value: 0
      objectReference: {fileID: 0}
    - target: {fileID: 485930, guid: ecf88f26cb3dfc14691424ed648aaeeb, type: 2}
      propertyPath: m_LocalRotation.y
      value: 0
      objectReference: {fileID: 0}
    - target: {fileID: 485930, guid: ecf88f26cb3dfc14691424ed648aaeeb, type: 2}
      propertyPath: m_LocalRotation.z
      value: 0
      objectReference: {fileID: 0}
    - target: {fileID: 485930, guid: ecf88f26cb3dfc14691424ed648aaeeb, type: 2}
      propertyPath: m_LocalRotation.w
      value: 1
      objectReference: {fileID: 0}
    - target: {fileID: 485930, guid: ecf88f26cb3dfc14691424ed648aaeeb, type: 2}
      propertyPath: m_RootOrder
      value: 2
      objectReference: {fileID: 0}
    - target: {fileID: 13253110, guid: ecf88f26cb3dfc14691424ed648aaeeb, type: 2}
      propertyPath: m_Text
      value: 
      objectReference: {fileID: 0}
    m_RemovedComponents: []
  m_ParentPrefab: {fileID: 100100000, guid: ecf88f26cb3dfc14691424ed648aaeeb, type: 2}
  m_IsPrefabParent: 0
--- !u!4 &1564668393 stripped
Transform:
  m_PrefabParentObject: {fileID: 409728, guid: 9ca4419bc9c635640a6055e387f8ca20, type: 2}
  m_PrefabInternal: {fileID: 315300489}
--- !u!1001 &1593887535
Prefab:
  m_ObjectHideFlags: 0
  serializedVersion: 2
  m_Modification:
    m_TransformParent: {fileID: 0}
    m_Modifications:
    - target: {fileID: 400002, guid: 87a2357765801c34292d6718d8b4d770, type: 2}
      propertyPath: m_LocalPosition.x
      value: 1.21790004
      objectReference: {fileID: 0}
    - target: {fileID: 400002, guid: 87a2357765801c34292d6718d8b4d770, type: 2}
      propertyPath: m_LocalPosition.y
      value: 2.21790004
      objectReference: {fileID: 0}
    - target: {fileID: 400002, guid: 87a2357765801c34292d6718d8b4d770, type: 2}
      propertyPath: m_LocalPosition.z
      value: 0
      objectReference: {fileID: 0}
    - target: {fileID: 400002, guid: 87a2357765801c34292d6718d8b4d770, type: 2}
      propertyPath: m_LocalRotation.x
      value: 0
      objectReference: {fileID: 0}
    - target: {fileID: 400002, guid: 87a2357765801c34292d6718d8b4d770, type: 2}
      propertyPath: m_LocalRotation.y
      value: 0
      objectReference: {fileID: 0}
    - target: {fileID: 400002, guid: 87a2357765801c34292d6718d8b4d770, type: 2}
      propertyPath: m_LocalRotation.z
      value: 0
      objectReference: {fileID: 0}
    - target: {fileID: 400002, guid: 87a2357765801c34292d6718d8b4d770, type: 2}
      propertyPath: m_LocalRotation.w
      value: 1
      objectReference: {fileID: 0}
    - target: {fileID: 400002, guid: 87a2357765801c34292d6718d8b4d770, type: 2}
      propertyPath: m_RootOrder
      value: 2
      objectReference: {fileID: 0}
    - target: {fileID: 21200000, guid: 87a2357765801c34292d6718d8b4d770, type: 2}
      propertyPath: m_Sprite
      value: 
      objectReference: {fileID: 21300000, guid: 9c4d7ee42c7d4f944b2ce9d370fa265c,
        type: 3}
    m_RemovedComponents: []
  m_ParentPrefab: {fileID: 100100000, guid: 87a2357765801c34292d6718d8b4d770, type: 2}
  m_IsPrefabParent: 0
--- !u!1 &1629412603 stripped
GameObject:
  m_PrefabParentObject: {fileID: 148472, guid: 96686ae25c1a02c43b1d78c1a3e67717, type: 2}
  m_PrefabInternal: {fileID: 591381559}
--- !u!114 &1629412604
MonoBehaviour:
  m_ObjectHideFlags: 0
  m_PrefabParentObject: {fileID: 0}
  m_PrefabInternal: {fileID: 0}
  m_GameObject: {fileID: 1629412603}
  m_Enabled: 1
  m_EditorHideFlags: 0
  m_Script: {fileID: 11500000, guid: ffcc44b7d1a296848913415dad1ac70b, type: 3}
  m_Name: 
  m_EditorClassIdentifier: 
  quitCounter: 0
--- !u!1001 &1752484199
Prefab:
  m_ObjectHideFlags: 0
  serializedVersion: 2
  m_Modification:
    m_TransformParent: {fileID: 1965188133}
    m_Modifications:
    - target: {fileID: 424166, guid: e761960ae39521146a1b2253b24698c7, type: 2}
      propertyPath: m_LocalPosition.x
      value: 1
      objectReference: {fileID: 0}
    - target: {fileID: 424166, guid: e761960ae39521146a1b2253b24698c7, type: 2}
      propertyPath: m_LocalPosition.y
      value: 2
      objectReference: {fileID: 0}
    - target: {fileID: 424166, guid: e761960ae39521146a1b2253b24698c7, type: 2}
      propertyPath: m_LocalPosition.z
      value: 0
      objectReference: {fileID: 0}
    - target: {fileID: 424166, guid: e761960ae39521146a1b2253b24698c7, type: 2}
      propertyPath: m_LocalRotation.x
      value: 0
      objectReference: {fileID: 0}
    - target: {fileID: 424166, guid: e761960ae39521146a1b2253b24698c7, type: 2}
      propertyPath: m_LocalRotation.y
      value: 0
      objectReference: {fileID: 0}
    - target: {fileID: 424166, guid: e761960ae39521146a1b2253b24698c7, type: 2}
      propertyPath: m_LocalRotation.z
      value: 0
      objectReference: {fileID: 0}
    - target: {fileID: 424166, guid: e761960ae39521146a1b2253b24698c7, type: 2}
      propertyPath: m_LocalRotation.w
      value: 1
      objectReference: {fileID: 0}
    - target: {fileID: 424166, guid: e761960ae39521146a1b2253b24698c7, type: 2}
      propertyPath: m_RootOrder
      value: 2
      objectReference: {fileID: 0}
    - target: {fileID: 6117842, guid: e761960ae39521146a1b2253b24698c7, type: 2}
      propertyPath: m_Offset.x
      value: 0
      objectReference: {fileID: 0}
    - target: {fileID: 6117842, guid: e761960ae39521146a1b2253b24698c7, type: 2}
      propertyPath: m_Offset.y
      value: 0
      objectReference: {fileID: 0}
    - target: {fileID: 21238966, guid: e761960ae39521146a1b2253b24698c7, type: 2}
      propertyPath: m_Materials.Array.data[0]
      value: 
      objectReference: {fileID: 2100000, guid: 272ba847f100d4251bb8260575189042, type: 2}
    - target: {fileID: 21238966, guid: e761960ae39521146a1b2253b24698c7, type: 2}
      propertyPath: m_SortingLayerID
      value: 1859086223
      objectReference: {fileID: 0}
    m_RemovedComponents: []
  m_ParentPrefab: {fileID: 100100000, guid: e761960ae39521146a1b2253b24698c7, type: 2}
  m_IsPrefabParent: 0
--- !u!1001 &1781986681
Prefab:
  m_ObjectHideFlags: 0
  serializedVersion: 2
  m_Modification:
    m_TransformParent: {fileID: 1965188133}
    m_Modifications:
    - target: {fileID: 407424, guid: fc9c57ed5a69b514faf27fc9f2735a67, type: 2}
      propertyPath: m_LocalPosition.x
      value: 18
      objectReference: {fileID: 0}
    - target: {fileID: 407424, guid: fc9c57ed5a69b514faf27fc9f2735a67, type: 2}
      propertyPath: m_LocalPosition.y
      value: 0
      objectReference: {fileID: 0}
    - target: {fileID: 407424, guid: fc9c57ed5a69b514faf27fc9f2735a67, type: 2}
      propertyPath: m_LocalPosition.z
      value: 0
      objectReference: {fileID: 0}
    - target: {fileID: 407424, guid: fc9c57ed5a69b514faf27fc9f2735a67, type: 2}
      propertyPath: m_LocalRotation.x
      value: 0
      objectReference: {fileID: 0}
    - target: {fileID: 407424, guid: fc9c57ed5a69b514faf27fc9f2735a67, type: 2}
      propertyPath: m_LocalRotation.y
      value: 0
      objectReference: {fileID: 0}
    - target: {fileID: 407424, guid: fc9c57ed5a69b514faf27fc9f2735a67, type: 2}
      propertyPath: m_LocalRotation.z
      value: 0
      objectReference: {fileID: 0}
    - target: {fileID: 407424, guid: fc9c57ed5a69b514faf27fc9f2735a67, type: 2}
      propertyPath: m_LocalRotation.w
      value: 1
      objectReference: {fileID: 0}
    - target: {fileID: 407424, guid: fc9c57ed5a69b514faf27fc9f2735a67, type: 2}
      propertyPath: m_RootOrder
      value: 12
      objectReference: {fileID: 0}
    - target: {fileID: 134958, guid: fc9c57ed5a69b514faf27fc9f2735a67, type: 2}
      propertyPath: m_Name
      value: tile_prototype_white_2block
      objectReference: {fileID: 0}
    - target: {fileID: 134958, guid: fc9c57ed5a69b514faf27fc9f2735a67, type: 2}
      propertyPath: m_TagString
      value: Untagged
      objectReference: {fileID: 0}
    - target: {fileID: 21282306, guid: fc9c57ed5a69b514faf27fc9f2735a67, type: 2}
      propertyPath: m_Materials.Array.data[0]
      value: 
      objectReference: {fileID: 2100000, guid: 272ba847f100d4251bb8260575189042, type: 2}
    - target: {fileID: 21282306, guid: fc9c57ed5a69b514faf27fc9f2735a67, type: 2}
      propertyPath: m_SortingLayerID
      value: 1859086223
      objectReference: {fileID: 0}
    m_RemovedComponents:
    - {fileID: 11441604, guid: fc9c57ed5a69b514faf27fc9f2735a67, type: 2}
  m_ParentPrefab: {fileID: 100100000, guid: fc9c57ed5a69b514faf27fc9f2735a67, type: 2}
  m_IsPrefabParent: 0
--- !u!1001 &1810143543
Prefab:
  m_ObjectHideFlags: 0
  serializedVersion: 2
  m_Modification:
    m_TransformParent: {fileID: 1965188133}
    m_Modifications:
    - target: {fileID: 407424, guid: fc9c57ed5a69b514faf27fc9f2735a67, type: 2}
      propertyPath: m_LocalPosition.x
      value: 0
      objectReference: {fileID: 0}
    - target: {fileID: 407424, guid: fc9c57ed5a69b514faf27fc9f2735a67, type: 2}
      propertyPath: m_LocalPosition.y
      value: 0
      objectReference: {fileID: 0}
    - target: {fileID: 407424, guid: fc9c57ed5a69b514faf27fc9f2735a67, type: 2}
      propertyPath: m_LocalPosition.z
      value: 0
      objectReference: {fileID: 0}
    - target: {fileID: 407424, guid: fc9c57ed5a69b514faf27fc9f2735a67, type: 2}
      propertyPath: m_LocalRotation.x
      value: 0
      objectReference: {fileID: 0}
    - target: {fileID: 407424, guid: fc9c57ed5a69b514faf27fc9f2735a67, type: 2}
      propertyPath: m_LocalRotation.y
      value: 0
      objectReference: {fileID: 0}
    - target: {fileID: 407424, guid: fc9c57ed5a69b514faf27fc9f2735a67, type: 2}
      propertyPath: m_LocalRotation.z
      value: 0
      objectReference: {fileID: 0}
    - target: {fileID: 407424, guid: fc9c57ed5a69b514faf27fc9f2735a67, type: 2}
      propertyPath: m_LocalRotation.w
      value: 1
      objectReference: {fileID: 0}
    - target: {fileID: 407424, guid: fc9c57ed5a69b514faf27fc9f2735a67, type: 2}
      propertyPath: m_RootOrder
      value: 3
      objectReference: {fileID: 0}
    - target: {fileID: 21282306, guid: fc9c57ed5a69b514faf27fc9f2735a67, type: 2}
      propertyPath: m_Materials.Array.data[0]
      value: 
      objectReference: {fileID: 2100000, guid: 272ba847f100d4251bb8260575189042, type: 2}
    - target: {fileID: 21282306, guid: fc9c57ed5a69b514faf27fc9f2735a67, type: 2}
      propertyPath: m_SortingLayerID
      value: 1859086223
      objectReference: {fileID: 0}
    m_RemovedComponents:
    - {fileID: 11441604, guid: fc9c57ed5a69b514faf27fc9f2735a67, type: 2}
  m_ParentPrefab: {fileID: 100100000, guid: fc9c57ed5a69b514faf27fc9f2735a67, type: 2}
  m_IsPrefabParent: 0
--- !u!1001 &1830146339
Prefab:
  m_ObjectHideFlags: 0
  serializedVersion: 2
  m_Modification:
    m_TransformParent: {fileID: 1965188133}
    m_Modifications:
    - target: {fileID: 407424, guid: fc9c57ed5a69b514faf27fc9f2735a67, type: 2}
      propertyPath: m_LocalPosition.x
      value: 12
      objectReference: {fileID: 0}
    - target: {fileID: 407424, guid: fc9c57ed5a69b514faf27fc9f2735a67, type: 2}
      propertyPath: m_LocalPosition.y
      value: 0
      objectReference: {fileID: 0}
    - target: {fileID: 407424, guid: fc9c57ed5a69b514faf27fc9f2735a67, type: 2}
      propertyPath: m_LocalPosition.z
      value: 0
      objectReference: {fileID: 0}
    - target: {fileID: 407424, guid: fc9c57ed5a69b514faf27fc9f2735a67, type: 2}
      propertyPath: m_LocalRotation.x
      value: 0
      objectReference: {fileID: 0}
    - target: {fileID: 407424, guid: fc9c57ed5a69b514faf27fc9f2735a67, type: 2}
      propertyPath: m_LocalRotation.y
      value: 0
      objectReference: {fileID: 0}
    - target: {fileID: 407424, guid: fc9c57ed5a69b514faf27fc9f2735a67, type: 2}
      propertyPath: m_LocalRotation.z
      value: 0
      objectReference: {fileID: 0}
    - target: {fileID: 407424, guid: fc9c57ed5a69b514faf27fc9f2735a67, type: 2}
      propertyPath: m_LocalRotation.w
      value: 1
      objectReference: {fileID: 0}
    - target: {fileID: 407424, guid: fc9c57ed5a69b514faf27fc9f2735a67, type: 2}
      propertyPath: m_RootOrder
      value: 9
      objectReference: {fileID: 0}
    - target: {fileID: 134958, guid: fc9c57ed5a69b514faf27fc9f2735a67, type: 2}
      propertyPath: m_Name
      value: tile_prototype_white_2block
      objectReference: {fileID: 0}
    - target: {fileID: 134958, guid: fc9c57ed5a69b514faf27fc9f2735a67, type: 2}
      propertyPath: m_TagString
      value: Asset
      objectReference: {fileID: 0}
    - target: {fileID: 21282306, guid: fc9c57ed5a69b514faf27fc9f2735a67, type: 2}
      propertyPath: m_Materials.Array.data[0]
      value: 
      objectReference: {fileID: 2100000, guid: 272ba847f100d4251bb8260575189042, type: 2}
    - target: {fileID: 21282306, guid: fc9c57ed5a69b514faf27fc9f2735a67, type: 2}
      propertyPath: m_SortingLayerID
      value: 1859086223
      objectReference: {fileID: 0}
    m_RemovedComponents: []
  m_ParentPrefab: {fileID: 100100000, guid: fc9c57ed5a69b514faf27fc9f2735a67, type: 2}
  m_IsPrefabParent: 0
--- !u!1001 &1911266863
Prefab:
  m_ObjectHideFlags: 0
  serializedVersion: 2
  m_Modification:
    m_TransformParent: {fileID: 1965188133}
    m_Modifications:
    - target: {fileID: 400000, guid: 18d687b36384104468c507c8b5574a6b, type: 2}
      propertyPath: m_LocalPosition.x
      value: 7.67999983
      objectReference: {fileID: 0}
    - target: {fileID: 400000, guid: 18d687b36384104468c507c8b5574a6b, type: 2}
      propertyPath: m_LocalPosition.y
      value: 0
      objectReference: {fileID: 0}
    - target: {fileID: 400000, guid: 18d687b36384104468c507c8b5574a6b, type: 2}
      propertyPath: m_LocalPosition.z
      value: 0
      objectReference: {fileID: 0}
    - target: {fileID: 400000, guid: 18d687b36384104468c507c8b5574a6b, type: 2}
      propertyPath: m_LocalRotation.x
      value: 0
      objectReference: {fileID: 0}
    - target: {fileID: 400000, guid: 18d687b36384104468c507c8b5574a6b, type: 2}
      propertyPath: m_LocalRotation.y
      value: 0
      objectReference: {fileID: 0}
    - target: {fileID: 400000, guid: 18d687b36384104468c507c8b5574a6b, type: 2}
      propertyPath: m_LocalRotation.z
      value: 0
      objectReference: {fileID: 0}
    - target: {fileID: 400000, guid: 18d687b36384104468c507c8b5574a6b, type: 2}
      propertyPath: m_LocalRotation.w
      value: 1
      objectReference: {fileID: 0}
    - target: {fileID: 400000, guid: 18d687b36384104468c507c8b5574a6b, type: 2}
      propertyPath: m_RootOrder
      value: 0
      objectReference: {fileID: 0}
    m_RemovedComponents: []
  m_ParentPrefab: {fileID: 100100000, guid: 18d687b36384104468c507c8b5574a6b, type: 2}
  m_IsPrefabParent: 0
--- !u!1001 &1947719895
Prefab:
  m_ObjectHideFlags: 0
  serializedVersion: 2
  m_Modification:
    m_TransformParent: {fileID: 0}
    m_Modifications:
    - target: {fileID: 437788, guid: 6f1e7f669d20e2a4b8596df6f6c3cdfa, type: 2}
      propertyPath: m_LocalPosition.x
      value: .5
      objectReference: {fileID: 0}
    - target: {fileID: 437788, guid: 6f1e7f669d20e2a4b8596df6f6c3cdfa, type: 2}
      propertyPath: m_LocalPosition.y
      value: .5
      objectReference: {fileID: 0}
    - target: {fileID: 437788, guid: 6f1e7f669d20e2a4b8596df6f6c3cdfa, type: 2}
      propertyPath: m_LocalPosition.z
      value: 1
      objectReference: {fileID: 0}
    - target: {fileID: 437788, guid: 6f1e7f669d20e2a4b8596df6f6c3cdfa, type: 2}
      propertyPath: m_LocalRotation.x
      value: 0
      objectReference: {fileID: 0}
    - target: {fileID: 437788, guid: 6f1e7f669d20e2a4b8596df6f6c3cdfa, type: 2}
      propertyPath: m_LocalRotation.y
      value: 0
      objectReference: {fileID: 0}
    - target: {fileID: 437788, guid: 6f1e7f669d20e2a4b8596df6f6c3cdfa, type: 2}
      propertyPath: m_LocalRotation.z
      value: 0
      objectReference: {fileID: 0}
    - target: {fileID: 437788, guid: 6f1e7f669d20e2a4b8596df6f6c3cdfa, type: 2}
      propertyPath: m_LocalRotation.w
      value: 1
      objectReference: {fileID: 0}
    - target: {fileID: 437788, guid: 6f1e7f669d20e2a4b8596df6f6c3cdfa, type: 2}
      propertyPath: m_RootOrder
      value: 5
      objectReference: {fileID: 0}
    m_RemovedComponents: []
  m_ParentPrefab: {fileID: 100100000, guid: 6f1e7f669d20e2a4b8596df6f6c3cdfa, type: 2}
  m_IsPrefabParent: 0
--- !u!1 &1965188132
GameObject:
  m_ObjectHideFlags: 0
  m_PrefabParentObject: {fileID: 0}
  m_PrefabInternal: {fileID: 0}
  serializedVersion: 4
  m_Component:
  - 4: {fileID: 1965188133}
  m_Layer: 0
  m_Name: Level
  m_TagString: Untagged
  m_Icon: {fileID: 0}
  m_NavMeshLayer: 0
  m_StaticEditorFlags: 0
  m_IsActive: 1
--- !u!4 &1965188133
Transform:
  m_ObjectHideFlags: 0
  m_PrefabParentObject: {fileID: 0}
  m_PrefabInternal: {fileID: 0}
  m_GameObject: {fileID: 1965188132}
  m_LocalRotation: {x: 0, y: 0, z: 0, w: 1}
  m_LocalPosition: {x: 0, y: 0, z: 0}
  m_LocalScale: {x: 1, y: 1, z: 1}
  m_Children:
  - {fileID: 397066670}
  - {fileID: 1564668393}
  - {fileID: 2047268926}
  - {fileID: 227652754}
  - {fileID: 1321631827}
  - {fileID: 228187233}
  - {fileID: 166403233}
  - {fileID: 648161405}
  - {fileID: 2046702591}
  - {fileID: 2050631006}
  - {fileID: 54589397}
  - {fileID: 986155646}
  - {fileID: 27561073}
  m_Father: {fileID: 0}
  m_RootOrder: 1
--- !u!4 &2046702591 stripped
Transform:
  m_PrefabParentObject: {fileID: 407424, guid: fc9c57ed5a69b514faf27fc9f2735a67, type: 2}
  m_PrefabInternal: {fileID: 1242065331}
--- !u!4 &2047268926 stripped
Transform:
  m_PrefabParentObject: {fileID: 424166, guid: e761960ae39521146a1b2253b24698c7, type: 2}
  m_PrefabInternal: {fileID: 1752484199}
--- !u!4 &2050631006 stripped
Transform:
  m_PrefabParentObject: {fileID: 407424, guid: fc9c57ed5a69b514faf27fc9f2735a67, type: 2}
  m_PrefabInternal: {fileID: 1830146339}
