%YAML 1.1
%TAG !u! tag:unity3d.com,2011:
--- !u!29 &1
SceneSettings:
  m_ObjectHideFlags: 0
  m_PVSData: 
  m_PVSObjectsArray: []
  m_PVSPortalsArray: []
  m_OcclusionBakeSettings:
    smallestOccluder: 1
    smallestHole: .25
    backfaceThreshold: 100
--- !u!104 &2
RenderSettings:
  m_ObjectHideFlags: 0
  serializedVersion: 6
  m_Fog: 0
  m_FogColor: {r: .5, g: .5, b: .5, a: 1}
  m_FogMode: 3
  m_FogDensity: .00999999978
  m_LinearFogStart: 0
  m_LinearFogEnd: 300
  m_AmbientSkyColor: {r: .200000003, g: .200000003, b: .200000003, a: 1}
  m_AmbientEquatorColor: {r: .200000003, g: .200000003, b: .200000003, a: 1}
  m_AmbientGroundColor: {r: .200000003, g: .200000003, b: .200000003, a: 1}
  m_AmbientIntensity: 1
  m_AmbientMode: 3
  m_SkyboxMaterial: {fileID: 0}
  m_HaloStrength: .5
  m_FlareStrength: 1
  m_FlareFadeSpeed: 3
  m_HaloTexture: {fileID: 0}
  m_SpotCookie: {fileID: 10001, guid: 0000000000000000e000000000000000, type: 0}
  m_DefaultReflectionMode: 0
  m_DefaultReflectionResolution: 128
  m_ReflectionBounces: 1
  m_ReflectionIntensity: 1
  m_CustomReflection: {fileID: 0}
  m_Sun: {fileID: 0}
--- !u!127 &3
LevelGameManager:
  m_ObjectHideFlags: 0
--- !u!157 &4
LightmapSettings:
  m_ObjectHideFlags: 0
  serializedVersion: 5
  m_GIWorkflowMode: 1
  m_LightmapsMode: 1
  m_GISettings:
    serializedVersion: 2
    m_BounceScale: 1
    m_IndirectOutputScale: 1
    m_AlbedoBoost: 1
    m_TemporalCoherenceThreshold: 1
    m_EnvironmentLightingMode: 0
    m_EnableBakedLightmaps: 1
    m_EnableRealtimeLightmaps: 0
  m_LightmapEditorSettings:
    serializedVersion: 3
    m_Resolution: 1
    m_BakeResolution: 50
    m_TextureWidth: 1024
    m_TextureHeight: 1024
    m_AOMaxDistance: 1
    m_Padding: 2
    m_CompAOExponent: 0
    m_LightmapParameters: {fileID: 0}
    m_TextureCompression: 0
    m_FinalGather: 0
    m_FinalGatherRayCount: 1024
  m_LightmapSnapshot: {fileID: 0}
  m_RuntimeCPUUsage: 25
--- !u!196 &5
NavMeshSettings:
  serializedVersion: 2
  m_ObjectHideFlags: 0
  m_BuildSettings:
    serializedVersion: 2
    agentRadius: .5
    agentHeight: 2
    agentSlope: 45
    agentClimb: .400000006
    ledgeDropHeight: 0
    maxJumpAcrossDistance: 0
    accuratePlacement: 0
    minRegionArea: 2
    cellSize: .166666657
    manualCellSize: 0
  m_NavMeshData: {fileID: 0}
--- !u!4 &27561073 stripped
Transform:
  m_PrefabParentObject: {fileID: 407424, guid: fc9c57ed5a69b514faf27fc9f2735a67, type: 2}
  m_PrefabInternal: {fileID: 1781986681}
--- !u!4 &71143914 stripped
Transform:
  m_PrefabParentObject: {fileID: 407424, guid: fc9c57ed5a69b514faf27fc9f2735a67, type: 2}
  m_PrefabInternal: {fileID: 320482364}
--- !u!1001 &77865471
Prefab:
  m_ObjectHideFlags: 0
  serializedVersion: 2
  m_Modification:
    m_TransformParent: {fileID: 1965188133}
    m_Modifications:
    - target: {fileID: 407424, guid: fc9c57ed5a69b514faf27fc9f2735a67, type: 2}
      propertyPath: m_LocalPosition.x
      value: 8
      objectReference: {fileID: 0}
    - target: {fileID: 407424, guid: fc9c57ed5a69b514faf27fc9f2735a67, type: 2}
      propertyPath: m_LocalPosition.y
      value: 4
      objectReference: {fileID: 0}
    - target: {fileID: 407424, guid: fc9c57ed5a69b514faf27fc9f2735a67, type: 2}
      propertyPath: m_LocalPosition.z
      value: 0
      objectReference: {fileID: 0}
    - target: {fileID: 407424, guid: fc9c57ed5a69b514faf27fc9f2735a67, type: 2}
      propertyPath: m_LocalRotation.x
      value: 0
      objectReference: {fileID: 0}
    - target: {fileID: 407424, guid: fc9c57ed5a69b514faf27fc9f2735a67, type: 2}
      propertyPath: m_LocalRotation.y
      value: 0
      objectReference: {fileID: 0}
    - target: {fileID: 407424, guid: fc9c57ed5a69b514faf27fc9f2735a67, type: 2}
      propertyPath: m_LocalRotation.z
      value: 0
      objectReference: {fileID: 0}
    - target: {fileID: 407424, guid: fc9c57ed5a69b514faf27fc9f2735a67, type: 2}
      propertyPath: m_LocalRotation.w
      value: 1
      objectReference: {fileID: 0}
    - target: {fileID: 407424, guid: fc9c57ed5a69b514faf27fc9f2735a67, type: 2}
      propertyPath: m_RootOrder
      value: 12
      objectReference: {fileID: 0}
    - target: {fileID: 134958, guid: fc9c57ed5a69b514faf27fc9f2735a67, type: 2}
      propertyPath: m_Name
      value: tile_prototype_white_2block (16)
      objectReference: {fileID: 0}
    - target: {fileID: 134958, guid: fc9c57ed5a69b514faf27fc9f2735a67, type: 2}
      propertyPath: m_TagString
      value: Asset
      objectReference: {fileID: 0}
    m_RemovedComponents: []
  m_ParentPrefab: {fileID: 100100000, guid: fc9c57ed5a69b514faf27fc9f2735a67, type: 2}
  m_IsPrefabParent: 0
--- !u!4 &77865472 stripped
Transform:
  m_PrefabParentObject: {fileID: 407424, guid: fc9c57ed5a69b514faf27fc9f2735a67, type: 2}
  m_PrefabInternal: {fileID: 77865471}
--- !u!4 &166403233 stripped
Transform:
  m_PrefabParentObject: {fileID: 407424, guid: fc9c57ed5a69b514faf27fc9f2735a67, type: 2}
  m_PrefabInternal: {fileID: 232874714}
--- !u!1001 &226432041
Prefab:
  m_ObjectHideFlags: 0
  serializedVersion: 2
  m_Modification:
    m_TransformParent: {fileID: 1965188133}
    m_Modifications:
    - target: {fileID: 407424, guid: fc9c57ed5a69b514faf27fc9f2735a67, type: 2}
      propertyPath: m_LocalPosition.x
      value: 18
      objectReference: {fileID: 0}
    - target: {fileID: 407424, guid: fc9c57ed5a69b514faf27fc9f2735a67, type: 2}
      propertyPath: m_LocalPosition.y
      value: 0
      objectReference: {fileID: 0}
    - target: {fileID: 407424, guid: fc9c57ed5a69b514faf27fc9f2735a67, type: 2}
      propertyPath: m_LocalPosition.z
      value: 0
      objectReference: {fileID: 0}
    - target: {fileID: 407424, guid: fc9c57ed5a69b514faf27fc9f2735a67, type: 2}
      propertyPath: m_LocalRotation.x
      value: 0
      objectReference: {fileID: 0}
    - target: {fileID: 407424, guid: fc9c57ed5a69b514faf27fc9f2735a67, type: 2}
      propertyPath: m_LocalRotation.y
      value: 0
      objectReference: {fileID: 0}
    - target: {fileID: 407424, guid: fc9c57ed5a69b514faf27fc9f2735a67, type: 2}
      propertyPath: m_LocalRotation.z
      value: 0
      objectReference: {fileID: 0}
    - target: {fileID: 407424, guid: fc9c57ed5a69b514faf27fc9f2735a67, type: 2}
      propertyPath: m_LocalRotation.w
      value: 1
      objectReference: {fileID: 0}
    - target: {fileID: 407424, guid: fc9c57ed5a69b514faf27fc9f2735a67, type: 2}
      propertyPath: m_RootOrder
      value: 9
      objectReference: {fileID: 0}
    - target: {fileID: 134958, guid: fc9c57ed5a69b514faf27fc9f2735a67, type: 2}
      propertyPath: m_Name
      value: tile_prototype_white_2block (11)
      objectReference: {fileID: 0}
    - target: {fileID: 134958, guid: fc9c57ed5a69b514faf27fc9f2735a67, type: 2}
      propertyPath: m_TagString
      value: Asset
      objectReference: {fileID: 0}
    m_RemovedComponents: []
  m_ParentPrefab: {fileID: 100100000, guid: fc9c57ed5a69b514faf27fc9f2735a67, type: 2}
  m_IsPrefabParent: 0
--- !u!4 &227652754 stripped
Transform:
  m_PrefabParentObject: {fileID: 407424, guid: fc9c57ed5a69b514faf27fc9f2735a67, type: 2}
  m_PrefabInternal: {fileID: 1810143543}
--- !u!1001 &232874714
Prefab:
  m_ObjectHideFlags: 0
  serializedVersion: 2
  m_Modification:
    m_TransformParent: {fileID: 1965188133}
    m_Modifications:
    - target: {fileID: 407424, guid: fc9c57ed5a69b514faf27fc9f2735a67, type: 2}
      propertyPath: m_LocalPosition.x
      value: 6
      objectReference: {fileID: 0}
    - target: {fileID: 407424, guid: fc9c57ed5a69b514faf27fc9f2735a67, type: 2}
      propertyPath: m_LocalPosition.y
      value: 0
      objectReference: {fileID: 0}
    - target: {fileID: 407424, guid: fc9c57ed5a69b514faf27fc9f2735a67, type: 2}
      propertyPath: m_LocalPosition.z
      value: 0
      objectReference: {fileID: 0}
    - target: {fileID: 407424, guid: fc9c57ed5a69b514faf27fc9f2735a67, type: 2}
      propertyPath: m_LocalRotation.x
      value: 0
      objectReference: {fileID: 0}
    - target: {fileID: 407424, guid: fc9c57ed5a69b514faf27fc9f2735a67, type: 2}
      propertyPath: m_LocalRotation.y
      value: 0
      objectReference: {fileID: 0}
    - target: {fileID: 407424, guid: fc9c57ed5a69b514faf27fc9f2735a67, type: 2}
      propertyPath: m_LocalRotation.z
      value: 0
      objectReference: {fileID: 0}
    - target: {fileID: 407424, guid: fc9c57ed5a69b514faf27fc9f2735a67, type: 2}
      propertyPath: m_LocalRotation.w
      value: 1
      objectReference: {fileID: 0}
    - target: {fileID: 407424, guid: fc9c57ed5a69b514faf27fc9f2735a67, type: 2}
      propertyPath: m_RootOrder
      value: 5
      objectReference: {fileID: 0}
    - target: {fileID: 134958, guid: fc9c57ed5a69b514faf27fc9f2735a67, type: 2}
      propertyPath: m_Name
      value: tile_prototype_white_2block (3)
      objectReference: {fileID: 0}
    - target: {fileID: 134958, guid: fc9c57ed5a69b514faf27fc9f2735a67, type: 2}
      propertyPath: m_TagString
      value: Asset
      objectReference: {fileID: 0}
    m_RemovedComponents: []
  m_ParentPrefab: {fileID: 100100000, guid: fc9c57ed5a69b514faf27fc9f2735a67, type: 2}
  m_IsPrefabParent: 0
--- !u!1001 &315300489
Prefab:
  m_ObjectHideFlags: 0
  serializedVersion: 2
  m_Modification:
    m_TransformParent: {fileID: 1965188133}
    m_Modifications:
    - target: {fileID: 409728, guid: 9ca4419bc9c635640a6055e387f8ca20, type: 2}
      propertyPath: m_LocalPosition.x
      value: 19
      objectReference: {fileID: 0}
    - target: {fileID: 409728, guid: 9ca4419bc9c635640a6055e387f8ca20, type: 2}
      propertyPath: m_LocalPosition.y
      value: 8
      objectReference: {fileID: 0}
    - target: {fileID: 409728, guid: 9ca4419bc9c635640a6055e387f8ca20, type: 2}
      propertyPath: m_LocalPosition.z
      value: 0
      objectReference: {fileID: 0}
    - target: {fileID: 409728, guid: 9ca4419bc9c635640a6055e387f8ca20, type: 2}
      propertyPath: m_LocalRotation.x
      value: 0
      objectReference: {fileID: 0}
    - target: {fileID: 409728, guid: 9ca4419bc9c635640a6055e387f8ca20, type: 2}
      propertyPath: m_LocalRotation.y
      value: 0
      objectReference: {fileID: 0}
    - target: {fileID: 409728, guid: 9ca4419bc9c635640a6055e387f8ca20, type: 2}
      propertyPath: m_LocalRotation.z
      value: 0
      objectReference: {fileID: 0}
    - target: {fileID: 409728, guid: 9ca4419bc9c635640a6055e387f8ca20, type: 2}
      propertyPath: m_LocalRotation.w
      value: 1
      objectReference: {fileID: 0}
    - target: {fileID: 409728, guid: 9ca4419bc9c635640a6055e387f8ca20, type: 2}
      propertyPath: m_RootOrder
      value: 1
      objectReference: {fileID: 0}
    m_RemovedComponents: []
  m_ParentPrefab: {fileID: 100100000, guid: 9ca4419bc9c635640a6055e387f8ca20, type: 2}
  m_IsPrefabParent: 0
--- !u!1001 &320482364
Prefab:
  m_ObjectHideFlags: 0
  serializedVersion: 2
  m_Modification:
    m_TransformParent: {fileID: 1965188133}
    m_Modifications:
    - target: {fileID: 407424, guid: fc9c57ed5a69b514faf27fc9f2735a67, type: 2}
      propertyPath: m_LocalPosition.x
      value: 12
      objectReference: {fileID: 0}
    - target: {fileID: 407424, guid: fc9c57ed5a69b514faf27fc9f2735a67, type: 2}
      propertyPath: m_LocalPosition.y
      value: 9
      objectReference: {fileID: 0}
    - target: {fileID: 407424, guid: fc9c57ed5a69b514faf27fc9f2735a67, type: 2}
      propertyPath: m_LocalPosition.z
      value: 0
      objectReference: {fileID: 0}
    - target: {fileID: 407424, guid: fc9c57ed5a69b514faf27fc9f2735a67, type: 2}
      propertyPath: m_LocalRotation.x
      value: 0
      objectReference: {fileID: 0}
    - target: {fileID: 407424, guid: fc9c57ed5a69b514faf27fc9f2735a67, type: 2}
      propertyPath: m_LocalRotation.y
      value: 0
      objectReference: {fileID: 0}
    - target: {fileID: 407424, guid: fc9c57ed5a69b514faf27fc9f2735a67, type: 2}
      propertyPath: m_LocalRotation.z
      value: 0
      objectReference: {fileID: 0}
    - target: {fileID: 407424, guid: fc9c57ed5a69b514faf27fc9f2735a67, type: 2}
      propertyPath: m_LocalRotation.w
      value: 1
      objectReference: {fileID: 0}
    - target: {fileID: 407424, guid: fc9c57ed5a69b514faf27fc9f2735a67, type: 2}
      propertyPath: m_RootOrder
      value: 30
      objectReference: {fileID: 0}
    - target: {fileID: 134958, guid: fc9c57ed5a69b514faf27fc9f2735a67, type: 2}
      propertyPath: m_Name
      value: tile_prototype_white_2block (31)
      objectReference: {fileID: 0}
    - target: {fileID: 134958, guid: fc9c57ed5a69b514faf27fc9f2735a67, type: 2}
      propertyPath: m_TagString
      value: Asset
      objectReference: {fileID: 0}
    m_RemovedComponents: []
  m_ParentPrefab: {fileID: 100100000, guid: fc9c57ed5a69b514faf27fc9f2735a67, type: 2}
  m_IsPrefabParent: 0
--- !u!4 &397066670 stripped
Transform:
  m_PrefabParentObject: {fileID: 400000, guid: 18d687b36384104468c507c8b5574a6b, type: 2}
  m_PrefabInternal: {fileID: 1911266863}
--- !u!1001 &399032502
Prefab:
  m_ObjectHideFlags: 0
  serializedVersion: 2
  m_Modification:
    m_TransformParent: {fileID: 1965188133}
    m_Modifications:
    - target: {fileID: 407424, guid: fc9c57ed5a69b514faf27fc9f2735a67, type: 2}
      propertyPath: m_LocalPosition.x
      value: 8
      objectReference: {fileID: 0}
    - target: {fileID: 407424, guid: fc9c57ed5a69b514faf27fc9f2735a67, type: 2}
      propertyPath: m_LocalPosition.y
      value: 0
      objectReference: {fileID: 0}
    - target: {fileID: 407424, guid: fc9c57ed5a69b514faf27fc9f2735a67, type: 2}
      propertyPath: m_LocalPosition.z
      value: 0
      objectReference: {fileID: 0}
    - target: {fileID: 407424, guid: fc9c57ed5a69b514faf27fc9f2735a67, type: 2}
      propertyPath: m_LocalRotation.x
      value: 0
      objectReference: {fileID: 0}
    - target: {fileID: 407424, guid: fc9c57ed5a69b514faf27fc9f2735a67, type: 2}
      propertyPath: m_LocalRotation.y
      value: 0
      objectReference: {fileID: 0}
    - target: {fileID: 407424, guid: fc9c57ed5a69b514faf27fc9f2735a67, type: 2}
      propertyPath: m_LocalRotation.z
      value: 0
      objectReference: {fileID: 0}
    - target: {fileID: 407424, guid: fc9c57ed5a69b514faf27fc9f2735a67, type: 2}
      propertyPath: m_LocalRotation.w
      value: 1
      objectReference: {fileID: 0}
    - target: {fileID: 407424, guid: fc9c57ed5a69b514faf27fc9f2735a67, type: 2}
      propertyPath: m_RootOrder
      value: 6
      objectReference: {fileID: 0}
    - target: {fileID: 134958, guid: fc9c57ed5a69b514faf27fc9f2735a67, type: 2}
      propertyPath: m_Name
      value: tile_prototype_white_2block (4)
      objectReference: {fileID: 0}
    - target: {fileID: 134958, guid: fc9c57ed5a69b514faf27fc9f2735a67, type: 2}
      propertyPath: m_TagString
      value: Asset
      objectReference: {fileID: 0}
    m_RemovedComponents: []
  m_ParentPrefab: {fileID: 100100000, guid: fc9c57ed5a69b514faf27fc9f2735a67, type: 2}
  m_IsPrefabParent: 0
--- !u!4 &424231332 stripped
Transform:
  m_PrefabParentObject: {fileID: 407424, guid: fc9c57ed5a69b514faf27fc9f2735a67, type: 2}
  m_PrefabInternal: {fileID: 1192310510}
--- !u!1001 &426408356
Prefab:
  m_ObjectHideFlags: 0
  serializedVersion: 2
  m_Modification:
    m_TransformParent: {fileID: 1965188133}
    m_Modifications:
    - target: {fileID: 407424, guid: fc9c57ed5a69b514faf27fc9f2735a67, type: 2}
      propertyPath: m_LocalPosition.x
      value: 12
      objectReference: {fileID: 0}
    - target: {fileID: 407424, guid: fc9c57ed5a69b514faf27fc9f2735a67, type: 2}
      propertyPath: m_LocalPosition.y
      value: 6
      objectReference: {fileID: 0}
    - target: {fileID: 407424, guid: fc9c57ed5a69b514faf27fc9f2735a67, type: 2}
      propertyPath: m_LocalPosition.z
      value: 0
      objectReference: {fileID: 0}
    - target: {fileID: 407424, guid: fc9c57ed5a69b514faf27fc9f2735a67, type: 2}
      propertyPath: m_LocalRotation.x
      value: 0
      objectReference: {fileID: 0}
    - target: {fileID: 407424, guid: fc9c57ed5a69b514faf27fc9f2735a67, type: 2}
      propertyPath: m_LocalRotation.y
      value: 0
      objectReference: {fileID: 0}
    - target: {fileID: 407424, guid: fc9c57ed5a69b514faf27fc9f2735a67, type: 2}
      propertyPath: m_LocalRotation.z
      value: 0
      objectReference: {fileID: 0}
    - target: {fileID: 407424, guid: fc9c57ed5a69b514faf27fc9f2735a67, type: 2}
      propertyPath: m_LocalRotation.w
      value: 1
      objectReference: {fileID: 0}
    - target: {fileID: 407424, guid: fc9c57ed5a69b514faf27fc9f2735a67, type: 2}
      propertyPath: m_RootOrder
      value: 27
      objectReference: {fileID: 0}
    - target: {fileID: 134958, guid: fc9c57ed5a69b514faf27fc9f2735a67, type: 2}
      propertyPath: m_Name
      value: tile_prototype_white_2block (28)
      objectReference: {fileID: 0}
    - target: {fileID: 134958, guid: fc9c57ed5a69b514faf27fc9f2735a67, type: 2}
      propertyPath: m_TagString
      value: Asset
      objectReference: {fileID: 0}
    m_RemovedComponents: []
  m_ParentPrefab: {fileID: 100100000, guid: fc9c57ed5a69b514faf27fc9f2735a67, type: 2}
  m_IsPrefabParent: 0
--- !u!4 &521272500 stripped
Transform:
  m_PrefabParentObject: {fileID: 407424, guid: fc9c57ed5a69b514faf27fc9f2735a67, type: 2}
  m_PrefabInternal: {fileID: 1495205356}
--- !u!1001 &543638906
Prefab:
  m_ObjectHideFlags: 0
  serializedVersion: 2
  m_Modification:
    m_TransformParent: {fileID: 1965188133}
    m_Modifications:
    - target: {fileID: 407424, guid: fc9c57ed5a69b514faf27fc9f2735a67, type: 2}
      propertyPath: m_LocalPosition.x
      value: 12
      objectReference: {fileID: 0}
    - target: {fileID: 407424, guid: fc9c57ed5a69b514faf27fc9f2735a67, type: 2}
      propertyPath: m_LocalPosition.y
      value: 8
      objectReference: {fileID: 0}
    - target: {fileID: 407424, guid: fc9c57ed5a69b514faf27fc9f2735a67, type: 2}
      propertyPath: m_LocalPosition.z
      value: 0
      objectReference: {fileID: 0}
    - target: {fileID: 407424, guid: fc9c57ed5a69b514faf27fc9f2735a67, type: 2}
      propertyPath: m_LocalRotation.x
      value: 0
      objectReference: {fileID: 0}
    - target: {fileID: 407424, guid: fc9c57ed5a69b514faf27fc9f2735a67, type: 2}
      propertyPath: m_LocalRotation.y
      value: 0
      objectReference: {fileID: 0}
    - target: {fileID: 407424, guid: fc9c57ed5a69b514faf27fc9f2735a67, type: 2}
      propertyPath: m_LocalRotation.z
      value: 0
      objectReference: {fileID: 0}
    - target: {fileID: 407424, guid: fc9c57ed5a69b514faf27fc9f2735a67, type: 2}
      propertyPath: m_LocalRotation.w
      value: 1
      objectReference: {fileID: 0}
    - target: {fileID: 407424, guid: fc9c57ed5a69b514faf27fc9f2735a67, type: 2}
      propertyPath: m_RootOrder
      value: 29
      objectReference: {fileID: 0}
    - target: {fileID: 134958, guid: fc9c57ed5a69b514faf27fc9f2735a67, type: 2}
      propertyPath: m_Name
      value: tile_prototype_white_2block (30)
      objectReference: {fileID: 0}
    - target: {fileID: 134958, guid: fc9c57ed5a69b514faf27fc9f2735a67, type: 2}
      propertyPath: m_TagString
      value: Asset
      objectReference: {fileID: 0}
    m_RemovedComponents: []
  m_ParentPrefab: {fileID: 100100000, guid: fc9c57ed5a69b514faf27fc9f2735a67, type: 2}
  m_IsPrefabParent: 0
--- !u!1001 &550853487
Prefab:
  m_ObjectHideFlags: 0
  serializedVersion: 2
  m_Modification:
    m_TransformParent: {fileID: 0}
    m_Modifications:
    - target: {fileID: 410896, guid: 056a17a9b535e184a873415b121be51d, type: 2}
      propertyPath: m_LocalPosition.x
      value: 10
      objectReference: {fileID: 0}
    - target: {fileID: 410896, guid: 056a17a9b535e184a873415b121be51d, type: 2}
      propertyPath: m_LocalPosition.y
      value: 6
      objectReference: {fileID: 0}
    - target: {fileID: 410896, guid: 056a17a9b535e184a873415b121be51d, type: 2}
      propertyPath: m_LocalPosition.z
      value: -10
      objectReference: {fileID: 0}
    - target: {fileID: 410896, guid: 056a17a9b535e184a873415b121be51d, type: 2}
      propertyPath: m_LocalRotation.x
      value: 0
      objectReference: {fileID: 0}
    - target: {fileID: 410896, guid: 056a17a9b535e184a873415b121be51d, type: 2}
      propertyPath: m_LocalRotation.y
      value: 0
      objectReference: {fileID: 0}
    - target: {fileID: 410896, guid: 056a17a9b535e184a873415b121be51d, type: 2}
      propertyPath: m_LocalRotation.z
      value: 0
      objectReference: {fileID: 0}
    - target: {fileID: 410896, guid: 056a17a9b535e184a873415b121be51d, type: 2}
      propertyPath: m_LocalRotation.w
      value: 1
      objectReference: {fileID: 0}
    - target: {fileID: 410896, guid: 056a17a9b535e184a873415b121be51d, type: 2}
      propertyPath: m_RootOrder
      value: 2
      objectReference: {fileID: 0}
    - target: {fileID: 2010896, guid: 056a17a9b535e184a873415b121be51d, type: 2}
      propertyPath: orthographic size
      value: 6
      objectReference: {fileID: 0}
    - target: {fileID: 11410898, guid: 056a17a9b535e184a873415b121be51d, type: 2}
      propertyPath: m_Enabled
      value: 0
      objectReference: {fileID: 0}
    - target: {fileID: 11410896, guid: 056a17a9b535e184a873415b121be51d, type: 2}
      propertyPath: m_Enabled
      value: 0
      objectReference: {fileID: 0}
    m_RemovedComponents: []
  m_ParentPrefab: {fileID: 100100000, guid: 056a17a9b535e184a873415b121be51d, type: 2}
  m_IsPrefabParent: 0
--- !u!1001 &571591219
Prefab:
  m_ObjectHideFlags: 0
  serializedVersion: 2
  m_Modification:
    m_TransformParent: {fileID: 1965188133}
    m_Modifications:
    - target: {fileID: 407424, guid: fc9c57ed5a69b514faf27fc9f2735a67, type: 2}
      propertyPath: m_LocalPosition.x
      value: 8
      objectReference: {fileID: 0}
    - target: {fileID: 407424, guid: fc9c57ed5a69b514faf27fc9f2735a67, type: 2}
      propertyPath: m_LocalPosition.y
      value: 3
      objectReference: {fileID: 0}
    - target: {fileID: 407424, guid: fc9c57ed5a69b514faf27fc9f2735a67, type: 2}
      propertyPath: m_LocalPosition.z
      value: 0
      objectReference: {fileID: 0}
    - target: {fileID: 407424, guid: fc9c57ed5a69b514faf27fc9f2735a67, type: 2}
      propertyPath: m_LocalRotation.x
      value: 0
      objectReference: {fileID: 0}
    - target: {fileID: 407424, guid: fc9c57ed5a69b514faf27fc9f2735a67, type: 2}
      propertyPath: m_LocalRotation.y
      value: 0
      objectReference: {fileID: 0}
    - target: {fileID: 407424, guid: fc9c57ed5a69b514faf27fc9f2735a67, type: 2}
      propertyPath: m_LocalRotation.z
      value: 0
      objectReference: {fileID: 0}
    - target: {fileID: 407424, guid: fc9c57ed5a69b514faf27fc9f2735a67, type: 2}
      propertyPath: m_LocalRotation.w
      value: 1
      objectReference: {fileID: 0}
    - target: {fileID: 407424, guid: fc9c57ed5a69b514faf27fc9f2735a67, type: 2}
      propertyPath: m_RootOrder
      value: 19
      objectReference: {fileID: 0}
    - target: {fileID: 134958, guid: fc9c57ed5a69b514faf27fc9f2735a67, type: 2}
      propertyPath: m_Name
      value: tile_prototype_white_2block (8)
      objectReference: {fileID: 0}
    - target: {fileID: 134958, guid: fc9c57ed5a69b514faf27fc9f2735a67, type: 2}
      propertyPath: m_TagString
      value: Asset
      objectReference: {fileID: 0}
    m_RemovedComponents: []
  m_ParentPrefab: {fileID: 100100000, guid: fc9c57ed5a69b514faf27fc9f2735a67, type: 2}
  m_IsPrefabParent: 0
--- !u!1001 &572560141
Prefab:
  m_ObjectHideFlags: 0
  serializedVersion: 2
  m_Modification:
    m_TransformParent: {fileID: 1965188133}
    m_Modifications:
    - target: {fileID: 407424, guid: fc9c57ed5a69b514faf27fc9f2735a67, type: 2}
      propertyPath: m_LocalPosition.x
      value: 6
      objectReference: {fileID: 0}
    - target: {fileID: 407424, guid: fc9c57ed5a69b514faf27fc9f2735a67, type: 2}
      propertyPath: m_LocalPosition.y
      value: 2
      objectReference: {fileID: 0}
    - target: {fileID: 407424, guid: fc9c57ed5a69b514faf27fc9f2735a67, type: 2}
      propertyPath: m_LocalPosition.z
      value: 0
      objectReference: {fileID: 0}
    - target: {fileID: 407424, guid: fc9c57ed5a69b514faf27fc9f2735a67, type: 2}
      propertyPath: m_LocalRotation.x
      value: 0
      objectReference: {fileID: 0}
    - target: {fileID: 407424, guid: fc9c57ed5a69b514faf27fc9f2735a67, type: 2}
      propertyPath: m_LocalRotation.y
      value: 0
      objectReference: {fileID: 0}
    - target: {fileID: 407424, guid: fc9c57ed5a69b514faf27fc9f2735a67, type: 2}
      propertyPath: m_LocalRotation.z
      value: 0
      objectReference: {fileID: 0}
    - target: {fileID: 407424, guid: fc9c57ed5a69b514faf27fc9f2735a67, type: 2}
      propertyPath: m_LocalRotation.w
      value: 1
      objectReference: {fileID: 0}
    - target: {fileID: 407424, guid: fc9c57ed5a69b514faf27fc9f2735a67, type: 2}
      propertyPath: m_RootOrder
      value: 20
      objectReference: {fileID: 0}
    - target: {fileID: 134958, guid: fc9c57ed5a69b514faf27fc9f2735a67, type: 2}
      propertyPath: m_Name
      value: tile_prototype_white_2block (21)
      objectReference: {fileID: 0}
    - target: {fileID: 134958, guid: fc9c57ed5a69b514faf27fc9f2735a67, type: 2}
      propertyPath: m_TagString
      value: Asset
      objectReference: {fileID: 0}
    m_RemovedComponents: []
  m_ParentPrefab: {fileID: 100100000, guid: fc9c57ed5a69b514faf27fc9f2735a67, type: 2}
  m_IsPrefabParent: 0
--- !u!4 &648161405 stripped
Transform:
  m_PrefabParentObject: {fileID: 407424, guid: fc9c57ed5a69b514faf27fc9f2735a67, type: 2}
  m_PrefabInternal: {fileID: 399032502}
--- !u!1001 &652786056
Prefab:
  m_ObjectHideFlags: 0
  serializedVersion: 2
  m_Modification:
    m_TransformParent: {fileID: 0}
    m_Modifications:
    - target: {fileID: 437788, guid: 6f1e7f669d20e2a4b8596df6f6c3cdfa, type: 2}
      propertyPath: m_LocalPosition.x
      value: .5
      objectReference: {fileID: 0}
    - target: {fileID: 437788, guid: 6f1e7f669d20e2a4b8596df6f6c3cdfa, type: 2}
      propertyPath: m_LocalPosition.y
      value: .5
      objectReference: {fileID: 0}
    - target: {fileID: 437788, guid: 6f1e7f669d20e2a4b8596df6f6c3cdfa, type: 2}
      propertyPath: m_LocalPosition.z
      value: 1
      objectReference: {fileID: 0}
    - target: {fileID: 437788, guid: 6f1e7f669d20e2a4b8596df6f6c3cdfa, type: 2}
      propertyPath: m_LocalRotation.x
      value: 0
      objectReference: {fileID: 0}
    - target: {fileID: 437788, guid: 6f1e7f669d20e2a4b8596df6f6c3cdfa, type: 2}
      propertyPath: m_LocalRotation.y
      value: 0
      objectReference: {fileID: 0}
    - target: {fileID: 437788, guid: 6f1e7f669d20e2a4b8596df6f6c3cdfa, type: 2}
      propertyPath: m_LocalRotation.z
      value: 0
      objectReference: {fileID: 0}
    - target: {fileID: 437788, guid: 6f1e7f669d20e2a4b8596df6f6c3cdfa, type: 2}
      propertyPath: m_LocalRotation.w
      value: 1
      objectReference: {fileID: 0}
    - target: {fileID: 437788, guid: 6f1e7f669d20e2a4b8596df6f6c3cdfa, type: 2}
      propertyPath: m_RootOrder
      value: 5
      objectReference: {fileID: 0}
    m_RemovedComponents: []
  m_ParentPrefab: {fileID: 100100000, guid: 6f1e7f669d20e2a4b8596df6f6c3cdfa, type: 2}
  m_IsPrefabParent: 0
--- !u!1001 &710237334
Prefab:
  m_ObjectHideFlags: 0
  serializedVersion: 2
  m_Modification:
    m_TransformParent: {fileID: 1965188133}
    m_Modifications:
    - target: {fileID: 407424, guid: fc9c57ed5a69b514faf27fc9f2735a67, type: 2}
      propertyPath: m_LocalPosition.x
      value: 6
      objectReference: {fileID: 0}
    - target: {fileID: 407424, guid: fc9c57ed5a69b514faf27fc9f2735a67, type: 2}
      propertyPath: m_LocalPosition.y
      value: 6
      objectReference: {fileID: 0}
    - target: {fileID: 407424, guid: fc9c57ed5a69b514faf27fc9f2735a67, type: 2}
      propertyPath: m_LocalPosition.z
      value: 0
      objectReference: {fileID: 0}
    - target: {fileID: 407424, guid: fc9c57ed5a69b514faf27fc9f2735a67, type: 2}
      propertyPath: m_LocalRotation.x
      value: 0
      objectReference: {fileID: 0}
    - target: {fileID: 407424, guid: fc9c57ed5a69b514faf27fc9f2735a67, type: 2}
      propertyPath: m_LocalRotation.y
      value: 0
      objectReference: {fileID: 0}
    - target: {fileID: 407424, guid: fc9c57ed5a69b514faf27fc9f2735a67, type: 2}
      propertyPath: m_LocalRotation.z
      value: 0
      objectReference: {fileID: 0}
    - target: {fileID: 407424, guid: fc9c57ed5a69b514faf27fc9f2735a67, type: 2}
      propertyPath: m_LocalRotation.w
      value: 1
      objectReference: {fileID: 0}
    - target: {fileID: 407424, guid: fc9c57ed5a69b514faf27fc9f2735a67, type: 2}
      propertyPath: m_RootOrder
      value: 23
      objectReference: {fileID: 0}
    - target: {fileID: 134958, guid: fc9c57ed5a69b514faf27fc9f2735a67, type: 2}
      propertyPath: m_Name
      value: tile_prototype_white_2block (24)
      objectReference: {fileID: 0}
    - target: {fileID: 134958, guid: fc9c57ed5a69b514faf27fc9f2735a67, type: 2}
      propertyPath: m_TagString
      value: Asset
      objectReference: {fileID: 0}
    m_RemovedComponents: []
  m_ParentPrefab: {fileID: 100100000, guid: fc9c57ed5a69b514faf27fc9f2735a67, type: 2}
  m_IsPrefabParent: 0
--- !u!1001 &742856176
Prefab:
  m_ObjectHideFlags: 0
  serializedVersion: 2
  m_Modification:
    m_TransformParent: {fileID: 1965188133}
    m_Modifications:
    - target: {fileID: 407424, guid: fc9c57ed5a69b514faf27fc9f2735a67, type: 2}
      propertyPath: m_LocalPosition.x
      value: 8
      objectReference: {fileID: 0}
    - target: {fileID: 407424, guid: fc9c57ed5a69b514faf27fc9f2735a67, type: 2}
      propertyPath: m_LocalPosition.y
      value: 5
      objectReference: {fileID: 0}
    - target: {fileID: 407424, guid: fc9c57ed5a69b514faf27fc9f2735a67, type: 2}
      propertyPath: m_LocalPosition.z
      value: 0
      objectReference: {fileID: 0}
    - target: {fileID: 407424, guid: fc9c57ed5a69b514faf27fc9f2735a67, type: 2}
      propertyPath: m_LocalRotation.x
      value: 0
      objectReference: {fileID: 0}
    - target: {fileID: 407424, guid: fc9c57ed5a69b514faf27fc9f2735a67, type: 2}
      propertyPath: m_LocalRotation.y
      value: 0
      objectReference: {fileID: 0}
    - target: {fileID: 407424, guid: fc9c57ed5a69b514faf27fc9f2735a67, type: 2}
      propertyPath: m_LocalRotation.z
      value: 0
      objectReference: {fileID: 0}
    - target: {fileID: 407424, guid: fc9c57ed5a69b514faf27fc9f2735a67, type: 2}
      propertyPath: m_LocalRotation.w
      value: 1
      objectReference: {fileID: 0}
    - target: {fileID: 407424, guid: fc9c57ed5a69b514faf27fc9f2735a67, type: 2}
      propertyPath: m_RootOrder
      value: 21
      objectReference: {fileID: 0}
    - target: {fileID: 134958, guid: fc9c57ed5a69b514faf27fc9f2735a67, type: 2}
      propertyPath: m_Name
      value: tile_prototype_white_2block (22)
      objectReference: {fileID: 0}
    - target: {fileID: 134958, guid: fc9c57ed5a69b514faf27fc9f2735a67, type: 2}
      propertyPath: m_TagString
      value: Asset
      objectReference: {fileID: 0}
    m_RemovedComponents: []
  m_ParentPrefab: {fileID: 100100000, guid: fc9c57ed5a69b514faf27fc9f2735a67, type: 2}
  m_IsPrefabParent: 0
--- !u!4 &807971549 stripped
Transform:
  m_PrefabParentObject: {fileID: 407424, guid: fc9c57ed5a69b514faf27fc9f2735a67, type: 2}
  m_PrefabInternal: {fileID: 742856176}
--- !u!4 &848832257 stripped
Transform:
  m_PrefabParentObject: {fileID: 407424, guid: fc9c57ed5a69b514faf27fc9f2735a67, type: 2}
  m_PrefabInternal: {fileID: 572560141}
--- !u!4 &882822074 stripped
Transform:
  m_PrefabParentObject: {fileID: 407424, guid: fc9c57ed5a69b514faf27fc9f2735a67, type: 2}
  m_PrefabInternal: {fileID: 1099239404}
--- !u!4 &906205436 stripped
Transform:
  m_PrefabParentObject: {fileID: 407424, guid: fc9c57ed5a69b514faf27fc9f2735a67, type: 2}
  m_PrefabInternal: {fileID: 710237334}
--- !u!4 &921491166 stripped
Transform:
  m_PrefabParentObject: {fileID: 407424, guid: fc9c57ed5a69b514faf27fc9f2735a67, type: 2}
  m_PrefabInternal: {fileID: 543638906}
--- !u!1001 &980951998
Prefab:
  m_ObjectHideFlags: 0
  serializedVersion: 2
  m_Modification:
    m_TransformParent: {fileID: 1965188133}
    m_Modifications:
    - target: {fileID: 407424, guid: fc9c57ed5a69b514faf27fc9f2735a67, type: 2}
      propertyPath: m_LocalPosition.x
      value: 2
      objectReference: {fileID: 0}
    - target: {fileID: 407424, guid: fc9c57ed5a69b514faf27fc9f2735a67, type: 2}
      propertyPath: m_LocalPosition.y
      value: 0
      objectReference: {fileID: 0}
    - target: {fileID: 407424, guid: fc9c57ed5a69b514faf27fc9f2735a67, type: 2}
      propertyPath: m_LocalPosition.z
      value: 0
      objectReference: {fileID: 0}
    - target: {fileID: 407424, guid: fc9c57ed5a69b514faf27fc9f2735a67, type: 2}
      propertyPath: m_LocalRotation.x
      value: 0
      objectReference: {fileID: 0}
    - target: {fileID: 407424, guid: fc9c57ed5a69b514faf27fc9f2735a67, type: 2}
      propertyPath: m_LocalRotation.y
      value: 0
      objectReference: {fileID: 0}
    - target: {fileID: 407424, guid: fc9c57ed5a69b514faf27fc9f2735a67, type: 2}
      propertyPath: m_LocalRotation.z
      value: 0
      objectReference: {fileID: 0}
    - target: {fileID: 407424, guid: fc9c57ed5a69b514faf27fc9f2735a67, type: 2}
      propertyPath: m_LocalRotation.w
      value: 1
      objectReference: {fileID: 0}
    - target: {fileID: 407424, guid: fc9c57ed5a69b514faf27fc9f2735a67, type: 2}
      propertyPath: m_RootOrder
      value: 4
      objectReference: {fileID: 0}
    - target: {fileID: 134958, guid: fc9c57ed5a69b514faf27fc9f2735a67, type: 2}
      propertyPath: m_Name
      value: tile_prototype_white_2block (1)
      objectReference: {fileID: 0}
    - target: {fileID: 134958, guid: fc9c57ed5a69b514faf27fc9f2735a67, type: 2}
      propertyPath: m_TagString
      value: Asset
      objectReference: {fileID: 0}
    m_RemovedComponents: []
  m_ParentPrefab: {fileID: 100100000, guid: fc9c57ed5a69b514faf27fc9f2735a67, type: 2}
  m_IsPrefabParent: 0
--- !u!4 &1026685516 stripped
Transform:
  m_PrefabParentObject: {fileID: 407424, guid: fc9c57ed5a69b514faf27fc9f2735a67, type: 2}
  m_PrefabInternal: {fileID: 2121480842}
--- !u!1001 &1099239404
Prefab:
  m_ObjectHideFlags: 0
  serializedVersion: 2
  m_Modification:
    m_TransformParent: {fileID: 1965188133}
    m_Modifications:
    - target: {fileID: 407424, guid: fc9c57ed5a69b514faf27fc9f2735a67, type: 2}
      propertyPath: m_LocalPosition.x
      value: 12
      objectReference: {fileID: 0}
    - target: {fileID: 407424, guid: fc9c57ed5a69b514faf27fc9f2735a67, type: 2}
      propertyPath: m_LocalPosition.y
      value: 4
      objectReference: {fileID: 0}
    - target: {fileID: 407424, guid: fc9c57ed5a69b514faf27fc9f2735a67, type: 2}
      propertyPath: m_LocalPosition.z
      value: 0
      objectReference: {fileID: 0}
    - target: {fileID: 407424, guid: fc9c57ed5a69b514faf27fc9f2735a67, type: 2}
      propertyPath: m_LocalRotation.x
      value: 0
      objectReference: {fileID: 0}
    - target: {fileID: 407424, guid: fc9c57ed5a69b514faf27fc9f2735a67, type: 2}
      propertyPath: m_LocalRotation.y
      value: 0
      objectReference: {fileID: 0}
    - target: {fileID: 407424, guid: fc9c57ed5a69b514faf27fc9f2735a67, type: 2}
      propertyPath: m_LocalRotation.z
      value: 0
      objectReference: {fileID: 0}
    - target: {fileID: 407424, guid: fc9c57ed5a69b514faf27fc9f2735a67, type: 2}
      propertyPath: m_LocalRotation.w
      value: 1
      objectReference: {fileID: 0}
    - target: {fileID: 407424, guid: fc9c57ed5a69b514faf27fc9f2735a67, type: 2}
      propertyPath: m_RootOrder
      value: 25
      objectReference: {fileID: 0}
    - target: {fileID: 134958, guid: fc9c57ed5a69b514faf27fc9f2735a67, type: 2}
      propertyPath: m_Name
      value: tile_prototype_white_2block (26)
      objectReference: {fileID: 0}
    - target: {fileID: 134958, guid: fc9c57ed5a69b514faf27fc9f2735a67, type: 2}
      propertyPath: m_TagString
      value: Asset
      objectReference: {fileID: 0}
    m_RemovedComponents: []
  m_ParentPrefab: {fileID: 100100000, guid: fc9c57ed5a69b514faf27fc9f2735a67, type: 2}
  m_IsPrefabParent: 0
--- !u!1001 &1192310510
Prefab:
  m_ObjectHideFlags: 0
  serializedVersion: 2
  m_Modification:
    m_TransformParent: {fileID: 1965188133}
    m_Modifications:
    - target: {fileID: 407424, guid: fc9c57ed5a69b514faf27fc9f2735a67, type: 2}
      propertyPath: m_LocalPosition.x
      value: 0
      objectReference: {fileID: 0}
    - target: {fileID: 407424, guid: fc9c57ed5a69b514faf27fc9f2735a67, type: 2}
      propertyPath: m_LocalPosition.y
      value: 3
      objectReference: {fileID: 0}
    - target: {fileID: 407424, guid: fc9c57ed5a69b514faf27fc9f2735a67, type: 2}
      propertyPath: m_LocalPosition.z
      value: 0
      objectReference: {fileID: 0}
    - target: {fileID: 407424, guid: fc9c57ed5a69b514faf27fc9f2735a67, type: 2}
      propertyPath: m_LocalRotation.x
      value: 0
      objectReference: {fileID: 0}
    - target: {fileID: 407424, guid: fc9c57ed5a69b514faf27fc9f2735a67, type: 2}
      propertyPath: m_LocalRotation.y
      value: 0
      objectReference: {fileID: 0}
    - target: {fileID: 407424, guid: fc9c57ed5a69b514faf27fc9f2735a67, type: 2}
      propertyPath: m_LocalRotation.z
      value: 0
      objectReference: {fileID: 0}
    - target: {fileID: 407424, guid: fc9c57ed5a69b514faf27fc9f2735a67, type: 2}
      propertyPath: m_LocalRotation.w
      value: 1
      objectReference: {fileID: 0}
    - target: {fileID: 407424, guid: fc9c57ed5a69b514faf27fc9f2735a67, type: 2}
      propertyPath: m_RootOrder
      value: 15
      objectReference: {fileID: 0}
    - target: {fileID: 134958, guid: fc9c57ed5a69b514faf27fc9f2735a67, type: 2}
      propertyPath: m_Name
      value: tile_prototype_white_2block (19)
      objectReference: {fileID: 0}
    - target: {fileID: 134958, guid: fc9c57ed5a69b514faf27fc9f2735a67, type: 2}
      propertyPath: m_TagString
      value: Asset
      objectReference: {fileID: 0}
    m_RemovedComponents: []
  m_ParentPrefab: {fileID: 100100000, guid: fc9c57ed5a69b514faf27fc9f2735a67, type: 2}
  m_IsPrefabParent: 0
--- !u!4 &1234070178 stripped
Transform:
  m_PrefabParentObject: {fileID: 407424, guid: fc9c57ed5a69b514faf27fc9f2735a67, type: 2}
  m_PrefabInternal: {fileID: 571591219}
--- !u!1001 &1242065331
Prefab:
  m_ObjectHideFlags: 0
  serializedVersion: 2
  m_Modification:
    m_TransformParent: {fileID: 1965188133}
    m_Modifications:
    - target: {fileID: 407424, guid: fc9c57ed5a69b514faf27fc9f2735a67, type: 2}
      propertyPath: m_LocalPosition.x
      value: 10
      objectReference: {fileID: 0}
    - target: {fileID: 407424, guid: fc9c57ed5a69b514faf27fc9f2735a67, type: 2}
      propertyPath: m_LocalPosition.y
      value: 0
      objectReference: {fileID: 0}
    - target: {fileID: 407424, guid: fc9c57ed5a69b514faf27fc9f2735a67, type: 2}
      propertyPath: m_LocalPosition.z
      value: 0
      objectReference: {fileID: 0}
    - target: {fileID: 407424, guid: fc9c57ed5a69b514faf27fc9f2735a67, type: 2}
      propertyPath: m_LocalRotation.x
      value: 0
      objectReference: {fileID: 0}
    - target: {fileID: 407424, guid: fc9c57ed5a69b514faf27fc9f2735a67, type: 2}
      propertyPath: m_LocalRotation.y
      value: 0
      objectReference: {fileID: 0}
    - target: {fileID: 407424, guid: fc9c57ed5a69b514faf27fc9f2735a67, type: 2}
      propertyPath: m_LocalRotation.z
      value: 0
      objectReference: {fileID: 0}
    - target: {fileID: 407424, guid: fc9c57ed5a69b514faf27fc9f2735a67, type: 2}
      propertyPath: m_LocalRotation.w
      value: 1
      objectReference: {fileID: 0}
    - target: {fileID: 407424, guid: fc9c57ed5a69b514faf27fc9f2735a67, type: 2}
      propertyPath: m_RootOrder
      value: 7
      objectReference: {fileID: 0}
    - target: {fileID: 134958, guid: fc9c57ed5a69b514faf27fc9f2735a67, type: 2}
      propertyPath: m_Name
      value: tile_prototype_white_2block (5)
      objectReference: {fileID: 0}
    - target: {fileID: 134958, guid: fc9c57ed5a69b514faf27fc9f2735a67, type: 2}
      propertyPath: m_TagString
      value: Asset
      objectReference: {fileID: 0}
    m_RemovedComponents: []
  m_ParentPrefab: {fileID: 100100000, guid: fc9c57ed5a69b514faf27fc9f2735a67, type: 2}
  m_IsPrefabParent: 0
--- !u!1001 &1306747818
Prefab:
  m_ObjectHideFlags: 0
  serializedVersion: 2
  m_Modification:
    m_TransformParent: {fileID: 1965188133}
    m_Modifications:
    - target: {fileID: 407424, guid: fc9c57ed5a69b514faf27fc9f2735a67, type: 2}
      propertyPath: m_LocalPosition.x
      value: 8
      objectReference: {fileID: 0}
    - target: {fileID: 407424, guid: fc9c57ed5a69b514faf27fc9f2735a67, type: 2}
      propertyPath: m_LocalPosition.y
      value: 1
      objectReference: {fileID: 0}
    - target: {fileID: 407424, guid: fc9c57ed5a69b514faf27fc9f2735a67, type: 2}
      propertyPath: m_LocalPosition.z
      value: 0
      objectReference: {fileID: 0}
    - target: {fileID: 407424, guid: fc9c57ed5a69b514faf27fc9f2735a67, type: 2}
      propertyPath: m_LocalRotation.x
      value: 0
      objectReference: {fileID: 0}
    - target: {fileID: 407424, guid: fc9c57ed5a69b514faf27fc9f2735a67, type: 2}
      propertyPath: m_LocalRotation.y
      value: 0
      objectReference: {fileID: 0}
    - target: {fileID: 407424, guid: fc9c57ed5a69b514faf27fc9f2735a67, type: 2}
      propertyPath: m_LocalRotation.z
      value: 0
      objectReference: {fileID: 0}
    - target: {fileID: 407424, guid: fc9c57ed5a69b514faf27fc9f2735a67, type: 2}
      propertyPath: m_LocalRotation.w
      value: 1
      objectReference: {fileID: 0}
    - target: {fileID: 407424, guid: fc9c57ed5a69b514faf27fc9f2735a67, type: 2}
      propertyPath: m_RootOrder
      value: 17
      objectReference: {fileID: 0}
    - target: {fileID: 134958, guid: fc9c57ed5a69b514faf27fc9f2735a67, type: 2}
      propertyPath: m_Name
      value: tile_prototype_white_2block (6)
      objectReference: {fileID: 0}
    - target: {fileID: 134958, guid: fc9c57ed5a69b514faf27fc9f2735a67, type: 2}
      propertyPath: m_TagString
      value: Asset
      objectReference: {fileID: 0}
    m_RemovedComponents: []
  m_ParentPrefab: {fileID: 100100000, guid: fc9c57ed5a69b514faf27fc9f2735a67, type: 2}
  m_IsPrefabParent: 0
--- !u!4 &1321631827 stripped
Transform:
  m_PrefabParentObject: {fileID: 407424, guid: fc9c57ed5a69b514faf27fc9f2735a67, type: 2}
  m_PrefabInternal: {fileID: 980951998}
--- !u!4 &1436827785 stripped
Transform:
  m_PrefabParentObject: {fileID: 407424, guid: fc9c57ed5a69b514faf27fc9f2735a67, type: 2}
  m_PrefabInternal: {fileID: 1671131918}
--- !u!4 &1471859836 stripped
Transform:
  m_PrefabParentObject: {fileID: 407424, guid: fc9c57ed5a69b514faf27fc9f2735a67, type: 2}
  m_PrefabInternal: {fileID: 426408356}
--- !u!1001 &1476262136
Prefab:
  m_ObjectHideFlags: 0
  serializedVersion: 2
  m_Modification:
    m_TransformParent: {fileID: 0}
    m_Modifications:
    - target: {fileID: 485930, guid: ecf88f26cb3dfc14691424ed648aaeeb, type: 2}
      propertyPath: m_LocalPosition.x
      value: 0
      objectReference: {fileID: 0}
    - target: {fileID: 485930, guid: ecf88f26cb3dfc14691424ed648aaeeb, type: 2}
      propertyPath: m_LocalPosition.y
      value: 0
      objectReference: {fileID: 0}
    - target: {fileID: 485930, guid: ecf88f26cb3dfc14691424ed648aaeeb, type: 2}
      propertyPath: m_LocalPosition.z
      value: 0
      objectReference: {fileID: 0}
    - target: {fileID: 485930, guid: ecf88f26cb3dfc14691424ed648aaeeb, type: 2}
      propertyPath: m_LocalRotation.x
      value: 0
      objectReference: {fileID: 0}
    - target: {fileID: 485930, guid: ecf88f26cb3dfc14691424ed648aaeeb, type: 2}
      propertyPath: m_LocalRotation.y
      value: 0
      objectReference: {fileID: 0}
    - target: {fileID: 485930, guid: ecf88f26cb3dfc14691424ed648aaeeb, type: 2}
      propertyPath: m_LocalRotation.z
      value: 0
      objectReference: {fileID: 0}
    - target: {fileID: 485930, guid: ecf88f26cb3dfc14691424ed648aaeeb, type: 2}
      propertyPath: m_LocalRotation.w
      value: 1
      objectReference: {fileID: 0}
    - target: {fileID: 485930, guid: ecf88f26cb3dfc14691424ed648aaeeb, type: 2}
      propertyPath: m_RootOrder
      value: 3
      objectReference: {fileID: 0}
    m_RemovedComponents: []
  m_ParentPrefab: {fileID: 100100000, guid: ecf88f26cb3dfc14691424ed648aaeeb, type: 2}
  m_IsPrefabParent: 0
--- !u!1001 &1476532446
Prefab:
  m_ObjectHideFlags: 0
  serializedVersion: 2
  m_Modification:
    m_TransformParent: {fileID: 0}
    m_Modifications:
    - target: {fileID: 400438, guid: 1f13353b11e517f458ae5c1340cdde8b, type: 2}
      propertyPath: m_LocalPosition.x
      value: 10
      objectReference: {fileID: 0}
    - target: {fileID: 400438, guid: 1f13353b11e517f458ae5c1340cdde8b, type: 2}
      propertyPath: m_LocalPosition.y
      value: -2.28500175
      objectReference: {fileID: 0}
    - target: {fileID: 400438, guid: 1f13353b11e517f458ae5c1340cdde8b, type: 2}
      propertyPath: m_LocalPosition.z
      value: 0
      objectReference: {fileID: 0}
    - target: {fileID: 400438, guid: 1f13353b11e517f458ae5c1340cdde8b, type: 2}
      propertyPath: m_LocalRotation.x
      value: 0
      objectReference: {fileID: 0}
    - target: {fileID: 400438, guid: 1f13353b11e517f458ae5c1340cdde8b, type: 2}
      propertyPath: m_LocalRotation.y
      value: 0
      objectReference: {fileID: 0}
    - target: {fileID: 400438, guid: 1f13353b11e517f458ae5c1340cdde8b, type: 2}
      propertyPath: m_LocalRotation.z
      value: 0
      objectReference: {fileID: 0}
    - target: {fileID: 400438, guid: 1f13353b11e517f458ae5c1340cdde8b, type: 2}
      propertyPath: m_LocalRotation.w
      value: 1
      objectReference: {fileID: 0}
    - target: {fileID: 400438, guid: 1f13353b11e517f458ae5c1340cdde8b, type: 2}
      propertyPath: m_RootOrder
      value: 4
      objectReference: {fileID: 0}
    m_RemovedComponents: []
  m_ParentPrefab: {fileID: 100100000, guid: 1f13353b11e517f458ae5c1340cdde8b, type: 2}
  m_IsPrefabParent: 0
--- !u!1001 &1495205356
Prefab:
  m_ObjectHideFlags: 0
  serializedVersion: 2
  m_Modification:
    m_TransformParent: {fileID: 1965188133}
    m_Modifications:
    - target: {fileID: 407424, guid: fc9c57ed5a69b514faf27fc9f2735a67, type: 2}
      propertyPath: m_LocalPosition.x
      value: 8
      objectReference: {fileID: 0}
    - target: {fileID: 407424, guid: fc9c57ed5a69b514faf27fc9f2735a67, type: 2}
      propertyPath: m_LocalPosition.y
      value: 2
      objectReference: {fileID: 0}
    - target: {fileID: 407424, guid: fc9c57ed5a69b514faf27fc9f2735a67, type: 2}
      propertyPath: m_LocalPosition.z
      value: 0
      objectReference: {fileID: 0}
    - target: {fileID: 407424, guid: fc9c57ed5a69b514faf27fc9f2735a67, type: 2}
      propertyPath: m_LocalRotation.x
      value: 0
      objectReference: {fileID: 0}
    - target: {fileID: 407424, guid: fc9c57ed5a69b514faf27fc9f2735a67, type: 2}
      propertyPath: m_LocalRotation.y
      value: 0
      objectReference: {fileID: 0}
    - target: {fileID: 407424, guid: fc9c57ed5a69b514faf27fc9f2735a67, type: 2}
      propertyPath: m_LocalRotation.z
      value: 0
      objectReference: {fileID: 0}
    - target: {fileID: 407424, guid: fc9c57ed5a69b514faf27fc9f2735a67, type: 2}
      propertyPath: m_LocalRotation.w
      value: 1
      objectReference: {fileID: 0}
    - target: {fileID: 407424, guid: fc9c57ed5a69b514faf27fc9f2735a67, type: 2}
      propertyPath: m_RootOrder
      value: 18
      objectReference: {fileID: 0}
    - target: {fileID: 134958, guid: fc9c57ed5a69b514faf27fc9f2735a67, type: 2}
      propertyPath: m_Name
      value: tile_prototype_white_2block (7)
      objectReference: {fileID: 0}
    - target: {fileID: 134958, guid: fc9c57ed5a69b514faf27fc9f2735a67, type: 2}
      propertyPath: m_TagString
      value: Asset
      objectReference: {fileID: 0}
    m_RemovedComponents: []
  m_ParentPrefab: {fileID: 100100000, guid: fc9c57ed5a69b514faf27fc9f2735a67, type: 2}
  m_IsPrefabParent: 0
--- !u!4 &1508565832 stripped
Transform:
  m_PrefabParentObject: {fileID: 407424, guid: fc9c57ed5a69b514faf27fc9f2735a67, type: 2}
  m_PrefabInternal: {fileID: 1711307653}
--- !u!1001 &1522808371
Prefab:
  m_ObjectHideFlags: 0
  serializedVersion: 2
  m_Modification:
    m_TransformParent: {fileID: 1965188133}
    m_Modifications:
    - target: {fileID: 407424, guid: fc9c57ed5a69b514faf27fc9f2735a67, type: 2}
      propertyPath: m_LocalPosition.x
      value: 8
      objectReference: {fileID: 0}
    - target: {fileID: 407424, guid: fc9c57ed5a69b514faf27fc9f2735a67, type: 2}
      propertyPath: m_LocalPosition.y
      value: 6
      objectReference: {fileID: 0}
    - target: {fileID: 407424, guid: fc9c57ed5a69b514faf27fc9f2735a67, type: 2}
      propertyPath: m_LocalPosition.z
      value: 0
      objectReference: {fileID: 0}
    - target: {fileID: 407424, guid: fc9c57ed5a69b514faf27fc9f2735a67, type: 2}
      propertyPath: m_LocalRotation.x
      value: 0
      objectReference: {fileID: 0}
    - target: {fileID: 407424, guid: fc9c57ed5a69b514faf27fc9f2735a67, type: 2}
      propertyPath: m_LocalRotation.y
      value: 0
      objectReference: {fileID: 0}
    - target: {fileID: 407424, guid: fc9c57ed5a69b514faf27fc9f2735a67, type: 2}
      propertyPath: m_LocalRotation.z
      value: 0
      objectReference: {fileID: 0}
    - target: {fileID: 407424, guid: fc9c57ed5a69b514faf27fc9f2735a67, type: 2}
      propertyPath: m_LocalRotation.w
      value: 1
      objectReference: {fileID: 0}
    - target: {fileID: 407424, guid: fc9c57ed5a69b514faf27fc9f2735a67, type: 2}
      propertyPath: m_RootOrder
      value: 22
      objectReference: {fileID: 0}
    - target: {fileID: 134958, guid: fc9c57ed5a69b514faf27fc9f2735a67, type: 2}
      propertyPath: m_Name
      value: tile_prototype_white_2block (23)
      objectReference: {fileID: 0}
    - target: {fileID: 134958, guid: fc9c57ed5a69b514faf27fc9f2735a67, type: 2}
      propertyPath: m_TagString
      value: Asset
      objectReference: {fileID: 0}
    m_RemovedComponents: []
  m_ParentPrefab: {fileID: 100100000, guid: fc9c57ed5a69b514faf27fc9f2735a67, type: 2}
  m_IsPrefabParent: 0
--- !u!1001 &1540607353
Prefab:
  m_ObjectHideFlags: 0
  serializedVersion: 2
  m_Modification:
    m_TransformParent: {fileID: 1965188133}
    m_Modifications:
    - target: {fileID: 407424, guid: fc9c57ed5a69b514faf27fc9f2735a67, type: 2}
      propertyPath: m_LocalPosition.x
      value: 12
      objectReference: {fileID: 0}
    - target: {fileID: 407424, guid: fc9c57ed5a69b514faf27fc9f2735a67, type: 2}
      propertyPath: m_LocalPosition.y
      value: 5
      objectReference: {fileID: 0}
    - target: {fileID: 407424, guid: fc9c57ed5a69b514faf27fc9f2735a67, type: 2}
      propertyPath: m_LocalPosition.z
      value: 0
      objectReference: {fileID: 0}
    - target: {fileID: 407424, guid: fc9c57ed5a69b514faf27fc9f2735a67, type: 2}
      propertyPath: m_LocalRotation.x
      value: 0
      objectReference: {fileID: 0}
    - target: {fileID: 407424, guid: fc9c57ed5a69b514faf27fc9f2735a67, type: 2}
      propertyPath: m_LocalRotation.y
      value: 0
      objectReference: {fileID: 0}
    - target: {fileID: 407424, guid: fc9c57ed5a69b514faf27fc9f2735a67, type: 2}
      propertyPath: m_LocalRotation.z
      value: 0
      objectReference: {fileID: 0}
    - target: {fileID: 407424, guid: fc9c57ed5a69b514faf27fc9f2735a67, type: 2}
      propertyPath: m_LocalRotation.w
      value: 1
      objectReference: {fileID: 0}
    - target: {fileID: 407424, guid: fc9c57ed5a69b514faf27fc9f2735a67, type: 2}
      propertyPath: m_RootOrder
      value: 26
      objectReference: {fileID: 0}
    - target: {fileID: 134958, guid: fc9c57ed5a69b514faf27fc9f2735a67, type: 2}
      propertyPath: m_Name
      value: tile_prototype_white_2block (27)
      objectReference: {fileID: 0}
    - target: {fileID: 134958, guid: fc9c57ed5a69b514faf27fc9f2735a67, type: 2}
      propertyPath: m_TagString
      value: Asset
      objectReference: {fileID: 0}
    m_RemovedComponents: []
  m_ParentPrefab: {fileID: 100100000, guid: fc9c57ed5a69b514faf27fc9f2735a67, type: 2}
  m_IsPrefabParent: 0
--- !u!4 &1558802960 stripped
Transform:
  m_PrefabParentObject: {fileID: 407424, guid: fc9c57ed5a69b514faf27fc9f2735a67, type: 2}
  m_PrefabInternal: {fileID: 226432041}
--- !u!4 &1564668393 stripped
Transform:
  m_PrefabParentObject: {fileID: 409728, guid: 9ca4419bc9c635640a6055e387f8ca20, type: 2}
  m_PrefabInternal: {fileID: 315300489}
--- !u!1001 &1593887535
Prefab:
  m_ObjectHideFlags: 0
  serializedVersion: 2
  m_Modification:
    m_TransformParent: {fileID: 0}
    m_Modifications:
    - target: {fileID: 400002, guid: 87a2357765801c34292d6718d8b4d770, type: 2}
      propertyPath: m_LocalPosition.x
      value: 1.21790004
      objectReference: {fileID: 0}
    - target: {fileID: 400002, guid: 87a2357765801c34292d6718d8b4d770, type: 2}
      propertyPath: m_LocalPosition.y
      value: 2.21790004
      objectReference: {fileID: 0}
    - target: {fileID: 400002, guid: 87a2357765801c34292d6718d8b4d770, type: 2}
      propertyPath: m_LocalPosition.z
      value: 0
      objectReference: {fileID: 0}
    - target: {fileID: 400002, guid: 87a2357765801c34292d6718d8b4d770, type: 2}
      propertyPath: m_LocalRotation.x
      value: 0
      objectReference: {fileID: 0}
    - target: {fileID: 400002, guid: 87a2357765801c34292d6718d8b4d770, type: 2}
      propertyPath: m_LocalRotation.y
      value: 0
      objectReference: {fileID: 0}
    - target: {fileID: 400002, guid: 87a2357765801c34292d6718d8b4d770, type: 2}
      propertyPath: m_LocalRotation.z
      value: 0
      objectReference: {fileID: 0}
    - target: {fileID: 400002, guid: 87a2357765801c34292d6718d8b4d770, type: 2}
      propertyPath: m_LocalRotation.w
      value: 1
      objectReference: {fileID: 0}
    - target: {fileID: 400002, guid: 87a2357765801c34292d6718d8b4d770, type: 2}
      propertyPath: m_RootOrder
      value: 1
      objectReference: {fileID: 0}
    - target: {fileID: 11400002, guid: 87a2357765801c34292d6718d8b4d770, type: 2}
      propertyPath: m_MaxSpeed
      value: 6
      objectReference: {fileID: 0}
    - target: {fileID: 11400002, guid: 87a2357765801c34292d6718d8b4d770, type: 2}
      propertyPath: m_JumpForce
      value: 600
      objectReference: {fileID: 0}
    m_RemovedComponents: []
  m_ParentPrefab: {fileID: 100100000, guid: 87a2357765801c34292d6718d8b4d770, type: 2}
  m_IsPrefabParent: 0
--- !u!1001 &1671131918
Prefab:
  m_ObjectHideFlags: 0
  serializedVersion: 2
  m_Modification:
    m_TransformParent: {fileID: 1965188133}
    m_Modifications:
    - target: {fileID: 407424, guid: fc9c57ed5a69b514faf27fc9f2735a67, type: 2}
      propertyPath: m_LocalPosition.x
      value: 16
      objectReference: {fileID: 0}
    - target: {fileID: 407424, guid: fc9c57ed5a69b514faf27fc9f2735a67, type: 2}
      propertyPath: m_LocalPosition.y
      value: 0
      objectReference: {fileID: 0}
    - target: {fileID: 407424, guid: fc9c57ed5a69b514faf27fc9f2735a67, type: 2}
      propertyPath: m_LocalPosition.z
      value: 0
      objectReference: {fileID: 0}
    - target: {fileID: 407424, guid: fc9c57ed5a69b514faf27fc9f2735a67, type: 2}
      propertyPath: m_LocalRotation.x
      value: 0
      objectReference: {fileID: 0}
    - target: {fileID: 407424, guid: fc9c57ed5a69b514faf27fc9f2735a67, type: 2}
      propertyPath: m_LocalRotation.y
      value: 0
      objectReference: {fileID: 0}
    - target: {fileID: 407424, guid: fc9c57ed5a69b514faf27fc9f2735a67, type: 2}
      propertyPath: m_LocalRotation.z
      value: 0
      objectReference: {fileID: 0}
    - target: {fileID: 407424, guid: fc9c57ed5a69b514faf27fc9f2735a67, type: 2}
      propertyPath: m_LocalRotation.w
      value: 1
      objectReference: {fileID: 0}
    - target: {fileID: 407424, guid: fc9c57ed5a69b514faf27fc9f2735a67, type: 2}
      propertyPath: m_RootOrder
      value: 10
      objectReference: {fileID: 0}
    - target: {fileID: 134958, guid: fc9c57ed5a69b514faf27fc9f2735a67, type: 2}
      propertyPath: m_Name
      value: tile_prototype_white_2block (12)
      objectReference: {fileID: 0}
    - target: {fileID: 134958, guid: fc9c57ed5a69b514faf27fc9f2735a67, type: 2}
      propertyPath: m_TagString
      value: Asset
      objectReference: {fileID: 0}
    m_RemovedComponents: []
  m_ParentPrefab: {fileID: 100100000, guid: fc9c57ed5a69b514faf27fc9f2735a67, type: 2}
  m_IsPrefabParent: 0
--- !u!4 &1704237492 stripped
Transform:
  m_PrefabParentObject: {fileID: 407424, guid: fc9c57ed5a69b514faf27fc9f2735a67, type: 2}
  m_PrefabInternal: {fileID: 1306747818}
--- !u!1001 &1711307653
Prefab:
  m_ObjectHideFlags: 0
  serializedVersion: 2
  m_Modification:
    m_TransformParent: {fileID: 1965188133}
    m_Modifications:
    - target: {fileID: 407424, guid: fc9c57ed5a69b514faf27fc9f2735a67, type: 2}
      propertyPath: m_LocalPosition.x
      value: 0
      objectReference: {fileID: 0}
    - target: {fileID: 407424, guid: fc9c57ed5a69b514faf27fc9f2735a67, type: 2}
      propertyPath: m_LocalPosition.y
      value: 4
      objectReference: {fileID: 0}
    - target: {fileID: 407424, guid: fc9c57ed5a69b514faf27fc9f2735a67, type: 2}
      propertyPath: m_LocalPosition.z
      value: 0
      objectReference: {fileID: 0}
    - target: {fileID: 407424, guid: fc9c57ed5a69b514faf27fc9f2735a67, type: 2}
      propertyPath: m_LocalRotation.x
      value: 0
      objectReference: {fileID: 0}
    - target: {fileID: 407424, guid: fc9c57ed5a69b514faf27fc9f2735a67, type: 2}
      propertyPath: m_LocalRotation.y
      value: 0
      objectReference: {fileID: 0}
    - target: {fileID: 407424, guid: fc9c57ed5a69b514faf27fc9f2735a67, type: 2}
      propertyPath: m_LocalRotation.z
      value: 0
      objectReference: {fileID: 0}
    - target: {fileID: 407424, guid: fc9c57ed5a69b514faf27fc9f2735a67, type: 2}
      propertyPath: m_LocalRotation.w
      value: 1
      objectReference: {fileID: 0}
    - target: {fileID: 407424, guid: fc9c57ed5a69b514faf27fc9f2735a67, type: 2}
      propertyPath: m_RootOrder
      value: 14
      objectReference: {fileID: 0}
    - target: {fileID: 134958, guid: fc9c57ed5a69b514faf27fc9f2735a67, type: 2}
      propertyPath: m_Name
      value: tile_prototype_white_2block (18)
      objectReference: {fileID: 0}
    - target: {fileID: 134958, guid: fc9c57ed5a69b514faf27fc9f2735a67, type: 2}
      propertyPath: m_TagString
      value: Asset
      objectReference: {fileID: 0}
    m_RemovedComponents: []
  m_ParentPrefab: {fileID: 100100000, guid: fc9c57ed5a69b514faf27fc9f2735a67, type: 2}
  m_IsPrefabParent: 0
--- !u!1001 &1750259619
Prefab:
  m_ObjectHideFlags: 0
  serializedVersion: 2
  m_Modification:
    m_TransformParent: {fileID: 1965188133}
    m_Modifications:
    - target: {fileID: 407424, guid: fc9c57ed5a69b514faf27fc9f2735a67, type: 2}
      propertyPath: m_LocalPosition.x
      value: 0
      objectReference: {fileID: 0}
    - target: {fileID: 407424, guid: fc9c57ed5a69b514faf27fc9f2735a67, type: 2}
      propertyPath: m_LocalPosition.y
      value: 5
      objectReference: {fileID: 0}
    - target: {fileID: 407424, guid: fc9c57ed5a69b514faf27fc9f2735a67, type: 2}
      propertyPath: m_LocalPosition.z
      value: 0
      objectReference: {fileID: 0}
    - target: {fileID: 407424, guid: fc9c57ed5a69b514faf27fc9f2735a67, type: 2}
      propertyPath: m_LocalRotation.x
      value: 0
      objectReference: {fileID: 0}
    - target: {fileID: 407424, guid: fc9c57ed5a69b514faf27fc9f2735a67, type: 2}
      propertyPath: m_LocalRotation.y
      value: 0
      objectReference: {fileID: 0}
    - target: {fileID: 407424, guid: fc9c57ed5a69b514faf27fc9f2735a67, type: 2}
      propertyPath: m_LocalRotation.z
      value: 0
      objectReference: {fileID: 0}
    - target: {fileID: 407424, guid: fc9c57ed5a69b514faf27fc9f2735a67, type: 2}
      propertyPath: m_LocalRotation.w
      value: 1
      objectReference: {fileID: 0}
    - target: {fileID: 407424, guid: fc9c57ed5a69b514faf27fc9f2735a67, type: 2}
      propertyPath: m_RootOrder
      value: 13
      objectReference: {fileID: 0}
    - target: {fileID: 134958, guid: fc9c57ed5a69b514faf27fc9f2735a67, type: 2}
      propertyPath: m_Name
      value: tile_prototype_white_2block (17)
      objectReference: {fileID: 0}
    - target: {fileID: 134958, guid: fc9c57ed5a69b514faf27fc9f2735a67, type: 2}
      propertyPath: m_TagString
      value: Asset
      objectReference: {fileID: 0}
    m_RemovedComponents: []
  m_ParentPrefab: {fileID: 100100000, guid: fc9c57ed5a69b514faf27fc9f2735a67, type: 2}
  m_IsPrefabParent: 0
--- !u!4 &1750259620 stripped
Transform:
  m_PrefabParentObject: {fileID: 407424, guid: fc9c57ed5a69b514faf27fc9f2735a67, type: 2}
  m_PrefabInternal: {fileID: 1750259619}
--- !u!1001 &1752484199
Prefab:
  m_ObjectHideFlags: 0
  serializedVersion: 2
  m_Modification:
    m_TransformParent: {fileID: 1965188133}
    m_Modifications:
    - target: {fileID: 424166, guid: e761960ae39521146a1b2253b24698c7, type: 2}
      propertyPath: m_LocalPosition.x
      value: 1
      objectReference: {fileID: 0}
    - target: {fileID: 424166, guid: e761960ae39521146a1b2253b24698c7, type: 2}
      propertyPath: m_LocalPosition.y
      value: 2
      objectReference: {fileID: 0}
    - target: {fileID: 424166, guid: e761960ae39521146a1b2253b24698c7, type: 2}
      propertyPath: m_LocalPosition.z
      value: 0
      objectReference: {fileID: 0}
    - target: {fileID: 424166, guid: e761960ae39521146a1b2253b24698c7, type: 2}
      propertyPath: m_LocalRotation.x
      value: 0
      objectReference: {fileID: 0}
    - target: {fileID: 424166, guid: e761960ae39521146a1b2253b24698c7, type: 2}
      propertyPath: m_LocalRotation.y
      value: 0
      objectReference: {fileID: 0}
    - target: {fileID: 424166, guid: e761960ae39521146a1b2253b24698c7, type: 2}
      propertyPath: m_LocalRotation.z
      value: 0
      objectReference: {fileID: 0}
    - target: {fileID: 424166, guid: e761960ae39521146a1b2253b24698c7, type: 2}
      propertyPath: m_LocalRotation.w
      value: 1
      objectReference: {fileID: 0}
    - target: {fileID: 424166, guid: e761960ae39521146a1b2253b24698c7, type: 2}
      propertyPath: m_RootOrder
      value: 2
      objectReference: {fileID: 0}
    m_RemovedComponents: []
  m_ParentPrefab: {fileID: 100100000, guid: e761960ae39521146a1b2253b24698c7, type: 2}
  m_IsPrefabParent: 0
--- !u!1001 &1772428266
Prefab:
  m_ObjectHideFlags: 0
  serializedVersion: 2
  m_Modification:
    m_TransformParent: {fileID: 1965188133}
    m_Modifications:
    - target: {fileID: 407424, guid: fc9c57ed5a69b514faf27fc9f2735a67, type: 2}
      propertyPath: m_LocalPosition.x
      value: 12
      objectReference: {fileID: 0}
    - target: {fileID: 407424, guid: fc9c57ed5a69b514faf27fc9f2735a67, type: 2}
      propertyPath: m_LocalPosition.y
      value: 0
      objectReference: {fileID: 0}
    - target: {fileID: 407424, guid: fc9c57ed5a69b514faf27fc9f2735a67, type: 2}
      propertyPath: m_LocalPosition.z
      value: 0
      objectReference: {fileID: 0}
    - target: {fileID: 407424, guid: fc9c57ed5a69b514faf27fc9f2735a67, type: 2}
      propertyPath: m_LocalRotation.x
      value: 0
      objectReference: {fileID: 0}
    - target: {fileID: 407424, guid: fc9c57ed5a69b514faf27fc9f2735a67, type: 2}
      propertyPath: m_LocalRotation.y
      value: 0
      objectReference: {fileID: 0}
    - target: {fileID: 407424, guid: fc9c57ed5a69b514faf27fc9f2735a67, type: 2}
      propertyPath: m_LocalRotation.z
      value: 0
      objectReference: {fileID: 0}
    - target: {fileID: 407424, guid: fc9c57ed5a69b514faf27fc9f2735a67, type: 2}
      propertyPath: m_LocalRotation.w
      value: 1
      objectReference: {fileID: 0}
    - target: {fileID: 407424, guid: fc9c57ed5a69b514faf27fc9f2735a67, type: 2}
      propertyPath: m_RootOrder
      value: 11
      objectReference: {fileID: 0}
    - target: {fileID: 134958, guid: fc9c57ed5a69b514faf27fc9f2735a67, type: 2}
      propertyPath: m_Name
      value: tile_prototype_white_2block (13)
      objectReference: {fileID: 0}
    - target: {fileID: 134958, guid: fc9c57ed5a69b514faf27fc9f2735a67, type: 2}
      propertyPath: m_TagString
      value: Asset
      objectReference: {fileID: 0}
    m_RemovedComponents: []
  m_ParentPrefab: {fileID: 100100000, guid: fc9c57ed5a69b514faf27fc9f2735a67, type: 2}
  m_IsPrefabParent: 0
--- !u!4 &1772428267 stripped
Transform:
  m_PrefabParentObject: {fileID: 407424, guid: fc9c57ed5a69b514faf27fc9f2735a67, type: 2}
  m_PrefabInternal: {fileID: 1772428266}
--- !u!1001 &1781986681
Prefab:
  m_ObjectHideFlags: 0
  serializedVersion: 2
  m_Modification:
    m_TransformParent: {fileID: 1965188133}
    m_Modifications:
    - target: {fileID: 407424, guid: fc9c57ed5a69b514faf27fc9f2735a67, type: 2}
      propertyPath: m_LocalPosition.x
      value: 18
      objectReference: {fileID: 0}
    - target: {fileID: 407424, guid: fc9c57ed5a69b514faf27fc9f2735a67, type: 2}
      propertyPath: m_LocalPosition.y
      value: 6
      objectReference: {fileID: 0}
    - target: {fileID: 407424, guid: fc9c57ed5a69b514faf27fc9f2735a67, type: 2}
      propertyPath: m_LocalPosition.z
      value: 0
      objectReference: {fileID: 0}
    - target: {fileID: 407424, guid: fc9c57ed5a69b514faf27fc9f2735a67, type: 2}
      propertyPath: m_LocalRotation.x
      value: 0
      objectReference: {fileID: 0}
    - target: {fileID: 407424, guid: fc9c57ed5a69b514faf27fc9f2735a67, type: 2}
      propertyPath: m_LocalRotation.y
      value: 0
      objectReference: {fileID: 0}
    - target: {fileID: 407424, guid: fc9c57ed5a69b514faf27fc9f2735a67, type: 2}
      propertyPath: m_LocalRotation.z
      value: 0
      objectReference: {fileID: 0}
    - target: {fileID: 407424, guid: fc9c57ed5a69b514faf27fc9f2735a67, type: 2}
      propertyPath: m_LocalRotation.w
      value: 1
      objectReference: {fileID: 0}
    - target: {fileID: 407424, guid: fc9c57ed5a69b514faf27fc9f2735a67, type: 2}
      propertyPath: m_RootOrder
      value: 8
      objectReference: {fileID: 0}
    - target: {fileID: 134958, guid: fc9c57ed5a69b514faf27fc9f2735a67, type: 2}
      propertyPath: m_Name
      value: tile_prototype_white_2block (9)
      objectReference: {fileID: 0}
    - target: {fileID: 134958, guid: fc9c57ed5a69b514faf27fc9f2735a67, type: 2}
      propertyPath: m_TagString
      value: Untagged
      objectReference: {fileID: 0}
    m_RemovedComponents:
    - {fileID: 11441604, guid: fc9c57ed5a69b514faf27fc9f2735a67, type: 2}
  m_ParentPrefab: {fileID: 100100000, guid: fc9c57ed5a69b514faf27fc9f2735a67, type: 2}
  m_IsPrefabParent: 0
--- !u!1001 &1803368928
Prefab:
  m_ObjectHideFlags: 0
  serializedVersion: 2
  m_Modification:
    m_TransformParent: {fileID: 1965188133}
    m_Modifications:
    - target: {fileID: 407424, guid: fc9c57ed5a69b514faf27fc9f2735a67, type: 2}
      propertyPath: m_LocalPosition.x
      value: 2
      objectReference: {fileID: 0}
    - target: {fileID: 407424, guid: fc9c57ed5a69b514faf27fc9f2735a67, type: 2}
      propertyPath: m_LocalPosition.y
      value: 4
      objectReference: {fileID: 0}
    - target: {fileID: 407424, guid: fc9c57ed5a69b514faf27fc9f2735a67, type: 2}
      propertyPath: m_LocalPosition.z
      value: 0
      objectReference: {fileID: 0}
    - target: {fileID: 407424, guid: fc9c57ed5a69b514faf27fc9f2735a67, type: 2}
      propertyPath: m_LocalRotation.x
      value: 0
      objectReference: {fileID: 0}
    - target: {fileID: 407424, guid: fc9c57ed5a69b514faf27fc9f2735a67, type: 2}
      propertyPath: m_LocalRotation.y
      value: 0
      objectReference: {fileID: 0}
    - target: {fileID: 407424, guid: fc9c57ed5a69b514faf27fc9f2735a67, type: 2}
      propertyPath: m_LocalRotation.z
      value: 0
      objectReference: {fileID: 0}
    - target: {fileID: 407424, guid: fc9c57ed5a69b514faf27fc9f2735a67, type: 2}
      propertyPath: m_LocalRotation.w
      value: 1
      objectReference: {fileID: 0}
    - target: {fileID: 407424, guid: fc9c57ed5a69b514faf27fc9f2735a67, type: 2}
      propertyPath: m_RootOrder
      value: 16
      objectReference: {fileID: 0}
    - target: {fileID: 134958, guid: fc9c57ed5a69b514faf27fc9f2735a67, type: 2}
      propertyPath: m_Name
      value: tile_prototype_white_2block (20)
      objectReference: {fileID: 0}
    - target: {fileID: 134958, guid: fc9c57ed5a69b514faf27fc9f2735a67, type: 2}
      propertyPath: m_TagString
      value: Asset
      objectReference: {fileID: 0}
    m_RemovedComponents: []
  m_ParentPrefab: {fileID: 100100000, guid: fc9c57ed5a69b514faf27fc9f2735a67, type: 2}
  m_IsPrefabParent: 0
--- !u!1001 &1810143543
Prefab:
  m_ObjectHideFlags: 0
  serializedVersion: 2
  m_Modification:
    m_TransformParent: {fileID: 1965188133}
    m_Modifications:
    - target: {fileID: 407424, guid: fc9c57ed5a69b514faf27fc9f2735a67, type: 2}
      propertyPath: m_LocalPosition.x
      value: 0
      objectReference: {fileID: 0}
    - target: {fileID: 407424, guid: fc9c57ed5a69b514faf27fc9f2735a67, type: 2}
      propertyPath: m_LocalPosition.y
      value: 0
      objectReference: {fileID: 0}
    - target: {fileID: 407424, guid: fc9c57ed5a69b514faf27fc9f2735a67, type: 2}
      propertyPath: m_LocalPosition.z
      value: 0
      objectReference: {fileID: 0}
    - target: {fileID: 407424, guid: fc9c57ed5a69b514faf27fc9f2735a67, type: 2}
      propertyPath: m_LocalRotation.x
      value: 0
      objectReference: {fileID: 0}
    - target: {fileID: 407424, guid: fc9c57ed5a69b514faf27fc9f2735a67, type: 2}
      propertyPath: m_LocalRotation.y
      value: 0
      objectReference: {fileID: 0}
    - target: {fileID: 407424, guid: fc9c57ed5a69b514faf27fc9f2735a67, type: 2}
      propertyPath: m_LocalRotation.z
      value: 0
      objectReference: {fileID: 0}
    - target: {fileID: 407424, guid: fc9c57ed5a69b514faf27fc9f2735a67, type: 2}
      propertyPath: m_LocalRotation.w
      value: 1
      objectReference: {fileID: 0}
    - target: {fileID: 407424, guid: fc9c57ed5a69b514faf27fc9f2735a67, type: 2}
      propertyPath: m_RootOrder
      value: 3
      objectReference: {fileID: 0}
    m_RemovedComponents:
    - {fileID: 11441604, guid: fc9c57ed5a69b514faf27fc9f2735a67, type: 2}
  m_ParentPrefab: {fileID: 100100000, guid: fc9c57ed5a69b514faf27fc9f2735a67, type: 2}
  m_IsPrefabParent: 0
--- !u!4 &1816290845 stripped
Transform:
  m_PrefabParentObject: {fileID: 407424, guid: fc9c57ed5a69b514faf27fc9f2735a67, type: 2}
  m_PrefabInternal: {fileID: 1522808371}
--- !u!1001 &1826502407
Prefab:
  m_ObjectHideFlags: 0
  serializedVersion: 2
  m_Modification:
    m_TransformParent: {fileID: 1965188133}
    m_Modifications:
    - target: {fileID: 407424, guid: fc9c57ed5a69b514faf27fc9f2735a67, type: 2}
      propertyPath: m_LocalPosition.x
      value: 12
      objectReference: {fileID: 0}
    - target: {fileID: 407424, guid: fc9c57ed5a69b514faf27fc9f2735a67, type: 2}
      propertyPath: m_LocalPosition.y
      value: 10
      objectReference: {fileID: 0}
    - target: {fileID: 407424, guid: fc9c57ed5a69b514faf27fc9f2735a67, type: 2}
      propertyPath: m_LocalPosition.z
      value: 0
      objectReference: {fileID: 0}
    - target: {fileID: 407424, guid: fc9c57ed5a69b514faf27fc9f2735a67, type: 2}
      propertyPath: m_LocalRotation.x
      value: 0
      objectReference: {fileID: 0}
    - target: {fileID: 407424, guid: fc9c57ed5a69b514faf27fc9f2735a67, type: 2}
      propertyPath: m_LocalRotation.y
      value: 0
      objectReference: {fileID: 0}
    - target: {fileID: 407424, guid: fc9c57ed5a69b514faf27fc9f2735a67, type: 2}
      propertyPath: m_LocalRotation.z
      value: 0
      objectReference: {fileID: 0}
    - target: {fileID: 407424, guid: fc9c57ed5a69b514faf27fc9f2735a67, type: 2}
      propertyPath: m_LocalRotation.w
      value: 1
      objectReference: {fileID: 0}
    - target: {fileID: 407424, guid: fc9c57ed5a69b514faf27fc9f2735a67, type: 2}
      propertyPath: m_RootOrder
      value: 33
      objectReference: {fileID: 0}
    - target: {fileID: 134958, guid: fc9c57ed5a69b514faf27fc9f2735a67, type: 2}
      propertyPath: m_Name
      value: tile_prototype_white_2block (32)
      objectReference: {fileID: 0}
    - target: {fileID: 134958, guid: fc9c57ed5a69b514faf27fc9f2735a67, type: 2}
      propertyPath: m_TagString
      value: Asset
      objectReference: {fileID: 0}
    - target: {fileID: 21282306, guid: fc9c57ed5a69b514faf27fc9f2735a67, type: 2}
      propertyPath: m_Enabled
      value: 0
      objectReference: {fileID: 0}
    m_RemovedComponents: []
  m_ParentPrefab: {fileID: 100100000, guid: fc9c57ed5a69b514faf27fc9f2735a67, type: 2}
  m_IsPrefabParent: 0
--- !u!4 &1826502408 stripped
Transform:
  m_PrefabParentObject: {fileID: 407424, guid: fc9c57ed5a69b514faf27fc9f2735a67, type: 2}
  m_PrefabInternal: {fileID: 1826502407}
--- !u!1001 &1843202376
Prefab:
  m_ObjectHideFlags: 0
  serializedVersion: 2
  m_Modification:
    m_TransformParent: {fileID: 1965188133}
    m_Modifications:
    - target: {fileID: 407424, guid: fc9c57ed5a69b514faf27fc9f2735a67, type: 2}
      propertyPath: m_LocalPosition.x
      value: 18
      objectReference: {fileID: 0}
    - target: {fileID: 407424, guid: fc9c57ed5a69b514faf27fc9f2735a67, type: 2}
      propertyPath: m_LocalPosition.y
      value: 2
      objectReference: {fileID: 0}
    - target: {fileID: 407424, guid: fc9c57ed5a69b514faf27fc9f2735a67, type: 2}
      propertyPath: m_LocalPosition.z
      value: 0
      objectReference: {fileID: 0}
    - target: {fileID: 407424, guid: fc9c57ed5a69b514faf27fc9f2735a67, type: 2}
      propertyPath: m_LocalRotation.x
      value: 0
      objectReference: {fileID: 0}
    - target: {fileID: 407424, guid: fc9c57ed5a69b514faf27fc9f2735a67, type: 2}
      propertyPath: m_LocalRotation.y
      value: 0
      objectReference: {fileID: 0}
    - target: {fileID: 407424, guid: fc9c57ed5a69b514faf27fc9f2735a67, type: 2}
      propertyPath: m_LocalRotation.z
      value: 0
      objectReference: {fileID: 0}
    - target: {fileID: 407424, guid: fc9c57ed5a69b514faf27fc9f2735a67, type: 2}
      propertyPath: m_LocalRotation.w
      value: 1
      objectReference: {fileID: 0}
    - target: {fileID: 407424, guid: fc9c57ed5a69b514faf27fc9f2735a67, type: 2}
      propertyPath: m_RootOrder
      value: 31
      objectReference: {fileID: 0}
    - target: {fileID: 134958, guid: fc9c57ed5a69b514faf27fc9f2735a67, type: 2}
      propertyPath: m_Name
      value: tile_prototype_white_2block (34)
      objectReference: {fileID: 0}
    - target: {fileID: 134958, guid: fc9c57ed5a69b514faf27fc9f2735a67, type: 2}
      propertyPath: m_TagString
      value: Asset
      objectReference: {fileID: 0}
    m_RemovedComponents: []
  m_ParentPrefab: {fileID: 100100000, guid: fc9c57ed5a69b514faf27fc9f2735a67, type: 2}
  m_IsPrefabParent: 0
--- !u!4 &1843202377 stripped
Transform:
  m_PrefabParentObject: {fileID: 407424, guid: fc9c57ed5a69b514faf27fc9f2735a67, type: 2}
  m_PrefabInternal: {fileID: 1843202376}
--- !u!4 &1902342231 stripped
Transform:
  m_PrefabParentObject: {fileID: 407424, guid: fc9c57ed5a69b514faf27fc9f2735a67, type: 2}
  m_PrefabInternal: {fileID: 2028532786}
--- !u!1001 &1911266863
Prefab:
  m_ObjectHideFlags: 0
  serializedVersion: 2
  m_Modification:
    m_TransformParent: {fileID: 1965188133}
    m_Modifications:
    - target: {fileID: 400000, guid: 18d687b36384104468c507c8b5574a6b, type: 2}
      propertyPath: m_LocalPosition.x
      value: 7.67999983
      objectReference: {fileID: 0}
    - target: {fileID: 400000, guid: 18d687b36384104468c507c8b5574a6b, type: 2}
      propertyPath: m_LocalPosition.y
      value: 0
      objectReference: {fileID: 0}
    - target: {fileID: 400000, guid: 18d687b36384104468c507c8b5574a6b, type: 2}
      propertyPath: m_LocalPosition.z
      value: 0
      objectReference: {fileID: 0}
    - target: {fileID: 400000, guid: 18d687b36384104468c507c8b5574a6b, type: 2}
      propertyPath: m_LocalRotation.x
      value: 0
      objectReference: {fileID: 0}
    - target: {fileID: 400000, guid: 18d687b36384104468c507c8b5574a6b, type: 2}
      propertyPath: m_LocalRotation.y
      value: 0
      objectReference: {fileID: 0}
    - target: {fileID: 400000, guid: 18d687b36384104468c507c8b5574a6b, type: 2}
      propertyPath: m_LocalRotation.z
      value: 0
      objectReference: {fileID: 0}
    - target: {fileID: 400000, guid: 18d687b36384104468c507c8b5574a6b, type: 2}
      propertyPath: m_LocalRotation.w
      value: 1
      objectReference: {fileID: 0}
    - target: {fileID: 400000, guid: 18d687b36384104468c507c8b5574a6b, type: 2}
      propertyPath: m_RootOrder
      value: 0
      objectReference: {fileID: 0}
    m_RemovedComponents: []
  m_ParentPrefab: {fileID: 100100000, guid: 18d687b36384104468c507c8b5574a6b, type: 2}
  m_IsPrefabParent: 0
--- !u!1 &1965188132
GameObject:
  m_ObjectHideFlags: 0
  m_PrefabParentObject: {fileID: 0}
  m_PrefabInternal: {fileID: 0}
  serializedVersion: 4
  m_Component:
  - 4: {fileID: 1965188133}
  m_Layer: 0
  m_Name: Level
  m_TagString: Untagged
  m_Icon: {fileID: 0}
  m_NavMeshLayer: 0
  m_StaticEditorFlags: 0
  m_IsActive: 1
--- !u!4 &1965188133
Transform:
  m_ObjectHideFlags: 0
  m_PrefabParentObject: {fileID: 0}
  m_PrefabInternal: {fileID: 0}
  m_GameObject: {fileID: 1965188132}
  m_LocalRotation: {x: 0, y: 0, z: 0, w: 1}
  m_LocalPosition: {x: 0, y: 0, z: 0}
  m_LocalScale: {x: 1, y: 1, z: 1}
  m_Children:
  - {fileID: 397066670}
  - {fileID: 1564668393}
  - {fileID: 2047268926}
  - {fileID: 227652754}
  - {fileID: 1321631827}
  - {fileID: 166403233}
  - {fileID: 648161405}
  - {fileID: 2046702591}
  - {fileID: 27561073}
  - {fileID: 1558802960}
  - {fileID: 1436827785}
  - {fileID: 1772428267}
  - {fileID: 77865472}
  - {fileID: 1750259620}
  - {fileID: 1508565832}
  - {fileID: 424231332}
  - {fileID: 2087764476}
  - {fileID: 1704237492}
  - {fileID: 521272500}
  - {fileID: 1234070178}
  - {fileID: 848832257}
  - {fileID: 807971549}
  - {fileID: 1816290845}
  - {fileID: 906205436}
  - {fileID: 1026685516}
  - {fileID: 882822074}
  - {fileID: 2133865752}
  - {fileID: 1471859836}
  - {fileID: 1902342231}
  - {fileID: 921491166}
  - {fileID: 71143914}
  - {fileID: 1843202377}
  - {fileID: 2020599461}
  - {fileID: 1826502408}
  m_Father: {fileID: 0}
  m_RootOrder: 1
--- !u!1001 &2020599460
Prefab:
  m_ObjectHideFlags: 0
  serializedVersion: 2
  m_Modification:
    m_TransformParent: {fileID: 1965188133}
    m_Modifications:
    - target: {fileID: 407424, guid: fc9c57ed5a69b514faf27fc9f2735a67, type: 2}
      propertyPath: m_LocalPosition.x
      value: 14
      objectReference: {fileID: 0}
    - target: {fileID: 407424, guid: fc9c57ed5a69b514faf27fc9f2735a67, type: 2}
      propertyPath: m_LocalPosition.y
      value: 4
      objectReference: {fileID: 0}
    - target: {fileID: 407424, guid: fc9c57ed5a69b514faf27fc9f2735a67, type: 2}
      propertyPath: m_LocalPosition.z
      value: 0
      objectReference: {fileID: 0}
    - target: {fileID: 407424, guid: fc9c57ed5a69b514faf27fc9f2735a67, type: 2}
      propertyPath: m_LocalRotation.x
      value: 0
      objectReference: {fileID: 0}
    - target: {fileID: 407424, guid: fc9c57ed5a69b514faf27fc9f2735a67, type: 2}
      propertyPath: m_LocalRotation.y
      value: 0
      objectReference: {fileID: 0}
    - target: {fileID: 407424, guid: fc9c57ed5a69b514faf27fc9f2735a67, type: 2}
      propertyPath: m_LocalRotation.z
      value: 0
      objectReference: {fileID: 0}
    - target: {fileID: 407424, guid: fc9c57ed5a69b514faf27fc9f2735a67, type: 2}
      propertyPath: m_LocalRotation.w
      value: 1
      objectReference: {fileID: 0}
    - target: {fileID: 407424, guid: fc9c57ed5a69b514faf27fc9f2735a67, type: 2}
      propertyPath: m_RootOrder
      value: 32
      objectReference: {fileID: 0}
    - target: {fileID: 134958, guid: fc9c57ed5a69b514faf27fc9f2735a67, type: 2}
      propertyPath: m_Name
      value: tile_prototype_white_2block (33)
      objectReference: {fileID: 0}
    - target: {fileID: 134958, guid: fc9c57ed5a69b514faf27fc9f2735a67, type: 2}
      propertyPath: m_TagString
      value: Asset
      objectReference: {fileID: 0}
    m_RemovedComponents: []
  m_ParentPrefab: {fileID: 100100000, guid: fc9c57ed5a69b514faf27fc9f2735a67, type: 2}
  m_IsPrefabParent: 0
--- !u!4 &2020599461 stripped
Transform:
  m_PrefabParentObject: {fileID: 407424, guid: fc9c57ed5a69b514faf27fc9f2735a67, type: 2}
  m_PrefabInternal: {fileID: 2020599460}
--- !u!1001 &2028532786
Prefab:
  m_ObjectHideFlags: 0
  serializedVersion: 2
  m_Modification:
    m_TransformParent: {fileID: 1965188133}
    m_Modifications:
    - target: {fileID: 407424, guid: fc9c57ed5a69b514faf27fc9f2735a67, type: 2}
      propertyPath: m_LocalPosition.x
      value: 12
      objectReference: {fileID: 0}
    - target: {fileID: 407424, guid: fc9c57ed5a69b514faf27fc9f2735a67, type: 2}
      propertyPath: m_LocalPosition.y
      value: 7
      objectReference: {fileID: 0}
    - target: {fileID: 407424, guid: fc9c57ed5a69b514faf27fc9f2735a67, type: 2}
      propertyPath: m_LocalPosition.z
      value: 0
      objectReference: {fileID: 0}
    - target: {fileID: 407424, guid: fc9c57ed5a69b514faf27fc9f2735a67, type: 2}
      propertyPath: m_LocalRotation.x
      value: 0
      objectReference: {fileID: 0}
    - target: {fileID: 407424, guid: fc9c57ed5a69b514faf27fc9f2735a67, type: 2}
      propertyPath: m_LocalRotation.y
      value: 0
      objectReference: {fileID: 0}
    - target: {fileID: 407424, guid: fc9c57ed5a69b514faf27fc9f2735a67, type: 2}
      propertyPath: m_LocalRotation.z
      value: 0
      objectReference: {fileID: 0}
    - target: {fileID: 407424, guid: fc9c57ed5a69b514faf27fc9f2735a67, type: 2}
      propertyPath: m_LocalRotation.w
      value: 1
      objectReference: {fileID: 0}
    - target: {fileID: 407424, guid: fc9c57ed5a69b514faf27fc9f2735a67, type: 2}
      propertyPath: m_RootOrder
      value: 28
      objectReference: {fileID: 0}
    - target: {fileID: 134958, guid: fc9c57ed5a69b514faf27fc9f2735a67, type: 2}
      propertyPath: m_Name
      value: tile_prototype_white_2block (29)
      objectReference: {fileID: 0}
    - target: {fileID: 134958, guid: fc9c57ed5a69b514faf27fc9f2735a67, type: 2}
      propertyPath: m_TagString
      value: Asset
      objectReference: {fileID: 0}
    m_RemovedComponents: []
  m_ParentPrefab: {fileID: 100100000, guid: fc9c57ed5a69b514faf27fc9f2735a67, type: 2}
  m_IsPrefabParent: 0
--- !u!4 &2046702591 stripped
Transform:
  m_PrefabParentObject: {fileID: 407424, guid: fc9c57ed5a69b514faf27fc9f2735a67, type: 2}
  m_PrefabInternal: {fileID: 1242065331}
--- !u!4 &2047268926 stripped
Transform:
  m_PrefabParentObject: {fileID: 424166, guid: e761960ae39521146a1b2253b24698c7, type: 2}
  m_PrefabInternal: {fileID: 1752484199}
--- !u!4 &2087764476 stripped
Transform:
  m_PrefabParentObject: {fileID: 407424, guid: fc9c57ed5a69b514faf27fc9f2735a67, type: 2}
  m_PrefabInternal: {fileID: 1803368928}
--- !u!1001 &2102770439
Prefab:
  m_ObjectHideFlags: 0
  serializedVersion: 2
  m_Modification:
    m_TransformParent: {fileID: 0}
    m_Modifications:
    - target: {fileID: 469352, guid: 0a9bda5a2f1b6b94b9fe657ff1715c73, type: 2}
      propertyPath: m_LocalPosition.x
      value: 0
      objectReference: {fileID: 0}
    - target: {fileID: 469352, guid: 0a9bda5a2f1b6b94b9fe657ff1715c73, type: 2}
      propertyPath: m_LocalPosition.y
      value: 0
      objectReference: {fileID: 0}
    - target: {fileID: 469352, guid: 0a9bda5a2f1b6b94b9fe657ff1715c73, type: 2}
      propertyPath: m_LocalPosition.z
      value: 0
      objectReference: {fileID: 0}
    - target: {fileID: 469352, guid: 0a9bda5a2f1b6b94b9fe657ff1715c73, type: 2}
      propertyPath: m_LocalRotation.x
      value: 0
      objectReference: {fileID: 0}
    - target: {fileID: 469352, guid: 0a9bda5a2f1b6b94b9fe657ff1715c73, type: 2}
      propertyPath: m_LocalRotation.y
      value: 0
      objectReference: {fileID: 0}
    - target: {fileID: 469352, guid: 0a9bda5a2f1b6b94b9fe657ff1715c73, type: 2}
      propertyPath: m_LocalRotation.z
      value: 0
      objectReference: {fileID: 0}
    - target: {fileID: 469352, guid: 0a9bda5a2f1b6b94b9fe657ff1715c73, type: 2}
      propertyPath: m_LocalRotation.w
      value: 1
      objectReference: {fileID: 0}
    - target: {fileID: 469352, guid: 0a9bda5a2f1b6b94b9fe657ff1715c73, type: 2}
      propertyPath: m_RootOrder
      value: 0
      objectReference: {fileID: 0}
    m_RemovedComponents: []
  m_ParentPrefab: {fileID: 100100000, guid: 0a9bda5a2f1b6b94b9fe657ff1715c73, type: 2}
  m_IsPrefabParent: 0
--- !u!1001 &2121480842
Prefab:
  m_ObjectHideFlags: 0
  serializedVersion: 2
  m_Modification:
    m_TransformParent: {fileID: 1965188133}
    m_Modifications:
    - target: {fileID: 407424, guid: fc9c57ed5a69b514faf27fc9f2735a67, type: 2}
      propertyPath: m_LocalPosition.x
      value: 8
      objectReference: {fileID: 0}
    - target: {fileID: 407424, guid: fc9c57ed5a69b514faf27fc9f2735a67, type: 2}
      propertyPath: m_LocalPosition.y
      value: 7
      objectReference: {fileID: 0}
    - target: {fileID: 407424, guid: fc9c57ed5a69b514faf27fc9f2735a67, type: 2}
      propertyPath: m_LocalPosition.z
      value: 0
      objectReference: {fileID: 0}
    - target: {fileID: 407424, guid: fc9c57ed5a69b514faf27fc9f2735a67, type: 2}
      propertyPath: m_LocalRotation.x
      value: 0
      objectReference: {fileID: 0}
    - target: {fileID: 407424, guid: fc9c57ed5a69b514faf27fc9f2735a67, type: 2}
      propertyPath: m_LocalRotation.y
      value: 0
      objectReference: {fileID: 0}
    - target: {fileID: 407424, guid: fc9c57ed5a69b514faf27fc9f2735a67, type: 2}
      propertyPath: m_LocalRotation.z
      value: 0
      objectReference: {fileID: 0}
    - target: {fileID: 407424, guid: fc9c57ed5a69b514faf27fc9f2735a67, type: 2}
      propertyPath: m_LocalRotation.w
      value: 1
      objectReference: {fileID: 0}
    - target: {fileID: 407424, guid: fc9c57ed5a69b514faf27fc9f2735a67, type: 2}
      propertyPath: m_RootOrder
      value: 24
      objectReference: {fileID: 0}
    - target: {fileID: 134958, guid: fc9c57ed5a69b514faf27fc9f2735a67, type: 2}
      propertyPath: m_Name
      value: tile_prototype_white_2block (25)
      objectReference: {fileID: 0}
    - target: {fileID: 134958, guid: fc9c57ed5a69b514faf27fc9f2735a67, type: 2}
      propertyPath: m_TagString
      value: Asset
      objectReference: {fileID: 0}
    m_RemovedComponents: []
  m_ParentPrefab: {fileID: 100100000, guid: fc9c57ed5a69b514faf27fc9f2735a67, type: 2}
  m_IsPrefabParent: 0
--- !u!4 &2133865752 stripped
Transform:
  m_PrefabParentObject: {fileID: 407424, guid: fc9c57ed5a69b514faf27fc9f2735a67, type: 2}
  m_PrefabInternal: {fileID: 1540607353}
